1940 2998
601 219 844 265 PLINY:
909 218 1238 265 NATURAL
1283 217 1580 265 HISTORY

349 350 479 392 cium
519 354 692 393 natum
737 353 830 401 est,
873 353 930 391 ut
974 349 1023 391 in
1066 345 1331 391 herbarum
1375 353 1555 392 natura
1589 345 1827 393 dicemus.

352 433 471 472 nata
489 434 565 472 est
583 434 635 472 et
653 426 773 472 silva
790 427 897 471 urbi
917 429 961 471 ci
977 428 1204 489 proxima
1218 425 1375 471 imbre
1390 429 1533 488 piceo
1548 442 1826 488 crassoque.

252 513 329 550 144
417 505 577 551 LXII.
616 505 819 551 Hedera
862 508 961 550 iam
1004 505 1185 551 dicitur
1225 507 1275 550 in
1317 505 1438 551 Asia
1479 507 1627 551 nasci.
1695 508 1830 552 circi-

348 593 428 632 ter
501 586 632 631 urbis
700 585 887 631 Romae
954 602 1138 631 annum
1209 585 1484 630 ccccxxxxl
1557 593 1830 649 negaverat

348 664 737 728 Theophrastus,
785 682 877 711 nec
921 668 972 710 in
1022 665 1166 711 India
1211 668 1303 711 nisi
1349 668 1400 710 in
1446 672 1617 711 monte
1668 664 1829 722 Mero,

350 749 469 808 quin
505 752 557 791 et
595 745 871 808 Harpalum
909 748 1042 791 omni
1078 744 1227 791 modo
1262 745 1512 791 laborasse
1549 752 1606 791 ut
1640 753 1829 792 sereret

350 842 462 871 eam
484 829 534 870 in
560 824 727 871 Medis
752 824 951 881 frustra,
975 824 1320 871 Alexandrum
1342 841 1458 871 vero
1483 825 1546 871 ob
1569 828 1828 872 raritatem

349 908 420 951 ita
471 913 708 951 coronato
762 909 987 951 exercitu
1039 908 1278 951 victorem
1332 921 1394 951 ex
1450 904 1593 951 India
1642 905 1829 952 redisse

349 985 581 1049 exemplo
620 985 788 1031 Liberi
824 989 1010 1048 patris3
1065 988 1201 1031 cuius
1240 984 1323 1031 dei
1361 991 1414 1031 et
1451 1001 1582 1031 nunc
1619 984 1829 1033 adornat

348 1064 544 1128 thyrsos
568 1065 839 1128 galeasque
867 1068 1022 1111 etiam
1047 1082 1103 1111 ac
1129 1072 1271 1111 scuta
1295 1068 1345 1110 in
1369 1064 1609 1111 Thraciae
1633 1065 1829 1129 populis

347 1145 667 1192 sollemnibus
700 1149 867 1202 sacris,
899 1149 1099 1192 inimica
1132 1146 1387 1192 arboribus
1420 1148 1641 1208 satisque
1674 1149 1829 1192 omni-

348 1226 456 1281 bus,
495 1224 774 1289 sepulchra,
813 1242 979 1272 muros
1018 1242 1272 1289 rumpens,
1311 1228 1621 1289 serpentium
1660 1224 1826 1288 frigori

346 1308 644 1368 gratissima,
671 1313 727 1351 ut
752 1309 932 1351 mirum
959 1309 1022 1352 sit
1048 1305 1203 1351 ullum
1228 1304 1469 1352 honorem
1493 1304 1722 1352 habitum
1749 1309 1809 1353 ei.

248 1391 324 1431 145
414 1386 528 1431 Duo
580 1402 767 1449 genera
818 1389 980 1449 prima
1033 1393 1090 1432 ut
1141 1385 1461 1449 reliquarum,
1514 1402 1620 1432 mas
1674 1393 1826 1449 atque

347 1465 547 1512 femina.
616 1469 773 1511 maior
820 1466 1036 1512 traditur
1083 1483 1189 1511 mas
1239 1473 1292 1512 et
1338 1482 1544 1530 corpore
1594 1473 1647 1512 et
1694 1464 1828 1523 folio,

346 1546 542 1592 duriore
568 1549 723 1592 etiam
749 1563 805 1592 ac
838 1549 1098 1609 pinguiore
1125 1553 1181 1592 ut
1207 1553 1260 1592 et
1279 1547 1298 1575 2
1323 1545 1442 1592 flore
1469 1546 1532 1592 ad
1555 1562 1827 1610 purpuram

347 1625 620 1672 accedente
639 1641 649 1680 ;
685 1629 944 1689 utriusque
964 1634 1136 1672 autem
1154 1626 1324 1672 similis
1344 1633 1421 1672 est
1438 1642 1580 1672 rosae
1599 1626 1827 1682 silvestri,

346 1709 437 1751 nisi
462 1706 595 1769 quod
617 1713 756 1752 caret
779 1706 947 1753 odore.
1015 1709 1207 1770 species
1231 1706 1407 1752 horum
1430 1723 1674 1769 generum
1697 1713 1826 1761 tres3

346 1793 423 1832 est
447 1789 580 1831 enim
605 1786 817 1832 candida
842 1793 929 1832 aut
953 1789 1095 1849 nigra
1117 1785 1322 1842 hedera,
1345 1789 1598 1849 tertiaque
1623 1793 1827 1833 vocatur

248 1872 324 1910 146
348 1864 496 1912 helix.
566 1869 843 1912 etiamnum
888 1865 982 1912 hae
1027 1869 1218 1930 species
1263 1866 1552 1912 dividuntur
1596 1869 1646 1912 in
1690 1866 1826 1923 alias,

345 1949 579 2008 quoniam
617 1954 693 1992 est
730 1946 895 2009 aliqua
932 1945 1097 1992 fructu
1134 1953 1334 1993 tantum
1370 1946 1600 2002 candida,
1637 1946 1733 1992 alia
1773 1954 1826 1993 et

344 2025 488 2080 folio;
558 2024 774 2072 fructum
827 2043 1025 2088 quoque
1077 2026 1345 2072 candidum
1396 2025 1666 2072 ferentium
1718 2026 1824 2072 aliis

344 2105 527 2151 densus
554 2109 721 2151 acinus
748 2113 800 2152 et
824 2106 1075 2169 grandior,
1100 2109 1308 2152 racemis
1337 2109 1388 2151 in
1418 2106 1590 2152 orbem
1615 2109 1822 2152 circum-

345 2188 467 2231 actis
505 2188 588 2248 qui
625 2193 865 2232 vocantur
899 2187 1139 2249 corymbi,
1170 2186 1324 2232 iidem
1360 2185 1559 2232 Silenici
1595 2203 1708 2232 cum
1745 2193 1822 2233 est

344 2268 503 2310 minor
538 2268 724 2321 acinus,
749 2268 961 2329 sparsior
995 2265 1379 2312 racemus—-ut3
1411 2265 1555 2311 simili
1590 2266 1738 2313 modo
1772 2269 1821 2312 in

435 2416 448 2440 ¹
480 2416 645 2455 circiter
665 2419 736 2455 etc.
759 2416 824 2455 hic
844 2416 1000 2465 (addico
1021 2419 1068 2465 x)
1093 2417 1283 2456 Urlichs:
1313 2422 1405 2456 ante
1427 2416 1598 2456 Hedera
1617 2416 1728 2456 codd.

434 2469 447 2491 2
479 2474 527 2508 ut
547 2473 621 2509 et?
655 2469 874 2520 Mayhoff:
906 2475 972 2509 set
991 2476 1063 2509 aut
1083 2475 1140 2509 et.

432 2523 447 2545 ³
478 2528 526 2561 ut
546 2522 639 2561 add.
663 2523 726 2561 hic
748 2523 971 2570 Rackham,
988 2529 1082 2574 post
1104 2523 1230 2562 modo
1253 2523 1456 2575 Mayhoff.

344 2608 431 2661 482
