1909 2998
542 211 787 257 PLINY:
850 209 1181 257 NATURAL
1225 209 1523 258 HISTORY

289 339 492 386 defruta
521 354 578 384 ac
602 353 725 399 sapa
749 354 863 383 cum
889 340 953 382 sit
981 336 1177 382 caelum
1207 340 1313 382 sine
1342 336 1478 392 luna,
1501 335 1594 384 hoc
1621 344 1698 384 est
1721 341 1772 384 in

288 426 461 473 sideris
486 428 590 470 eius
613 427 766 478 coitu,
789 439 954 485 neque
978 423 1074 468 alio
1097 422 1178 468 die
1201 426 1347 485 coqui
1370 423 1589 478 debent3
1630 440 1772 486 prae-

288 520 431 558 terea
450 510 697 573 plumbeis
718 513 862 565 vasis,
882 526 982 556 non
1000 513 1178 565 aereis,
1197 509 1508 572 nucibusque
1528 509 1772 574 iuglandi-

288 600 379 645 bus
405 598 616 644 additis:
659 613 743 643 eas
769 599 903 643 enim
927 596 1121 642 fumum
1148 599 1395 658 excipere.
1464 596 1771 659 Campaniae

289 685 592 733 nobilissima
626 687 855 746 exposita
885 683 977 730 sub
1008 683 1092 729 diu
1124 687 1175 729 in
1204 683 1340 729 cadis
1372 683 1622 730 verberari
1651 684 1772 740 sole,

287 772 422 827 luna,
444 772 622 826 imbre,
648 774 810 817 ventis
836 773 1151 832 aptissimum
1176 769 1388 816 videtur.

190 866 266 905 137
353 857 595 905 XXVIII.
632 858 706 904 Ac
744 861 784 904 si
822 860 930 920 quis
967 856 1257 919 diligentius
1292 863 1514 919 reputet,
1544 860 1595 903 in
1637 857 1772 904 nulla

287 954 432 1009 parte
469 948 721 1007 operosior
746 947 849 990 vita
883 951 1119 990 est—ceu
1155 960 1255 989 non
1290 943 1671 990 saluberrimum
1707 945 1772 992 ad

284 1040 432 1096 pot-us
478 1048 638 1094 aquae
683 1031 927 1094 liquorem
971 1037 1154 1076 natura
1198 1030 1414 1085 dederit,
1459 1047 1557 1093 quo
1601 1038 1771 1078 cetera

285 1122 452 1166 omnia
488 1121 765 1164 animantia
802 1124 1031 1171 utuntur,
1085 1124 1140 1163 at
1177 1133 1265 1162 nos
1303 1119 1472 1163 vinum
1508 1117 1681 1163 bibere
1718 1126 1770 1165 et

284 1209 510 1252 iumenta
568 1208 1107 1268 cogimus—tantoque
1167 1220 1336 1265 opere,
1395 1210 1542 1250 tanto
1600 1204 1770 1252 labore

286 1300 338 1340 et
373 1292 610 1354 inpendio
645 1291 884 1338 constatl
922 1291 1057 1354 quod
1093 1289 1305 1336 hominis
1341 1298 1568 1337 mentem
1603 1298 1769 1338 mutet

283 1397 341 1427 ac
382 1379 600 1426 furorem
641 1382 837 1442 gignat,
878 1377 1077 1424 milibus
1119 1377 1364 1424 scelerum
1406 1377 1470 1423 ob
1510 1377 1562 1424 id
1605 1377 1769 1434 editis,

282 1474 429 1513 tanta
454 1465 719 1512 dulcedine
745 1473 802 1511 ut
829 1480 1014 1527 magna
1040 1480 1155 1526 pars
1181 1480 1281 1510 non
1308 1463 1442 1510 aliud
1467 1467 1602 1511 vitae
1626 1481 1768 1527 prae-

184 1561 261 1600 138
284 1557 439 1600 mium
489 1552 769 1615 intellegat.
840 1554 960 1615 quin
1009 1555 1180 1607 immo,
1230 1558 1287 1597 ut
1337 1550 1447 1613 plus
1495 1554 1768 1614 capiamus,

281 1658 424 1688 sacco
440 1639 714 1702 frangimus
729 1642 874 1695 vires,
890 1645 942 1685 et
960 1638 1058 1684 alia
1074 1641 1401 1684 inritamenta
1418 1641 1769 1701 excogitantur

282 1745 339 1774 ac
380 1726 586 1773 bibendi
627 1743 777 1773 causa
821 1729 977 1772 etiam
1020 1741 1215 1771 venena
1256 1727 1619 1787 concipiuntur,
1661 1725 1768 1773 aliis

281 1818 497 1862 cicutam
529 1813 966 1876 praesumentibus
999 1819 1057 1858 ut
1089 1812 1262 1858 bibere
1295 1828 1426 1858 mors
1459 1818 1626 1874 cogat,
1659 1812 1766 1859 aliis

282 1904 489 1964 pumicis
532 1900 745 1946 farinam
790 1907 842 1946 et
886 1915 1015 1962 quae
1059 1898 1324 1946 referendo
1367 1897 1527 1960 pudet
1569 1898 1764 1946 docere.

183 1995 257 2035 139
281 1991 591 2035 cautissimos
630 2003 692 2032 ex
728 1989 786 2032 iis
821 1990 872 2032 in
908 1985 1117 2032 balineis
1153 1988 1298 2048 coqui
1335 1984 1559 2032 videmus
1598 1989 1766 2032 exani-

281 2090 489 2137 mesque
520 2072 698 2128 efferri,
722 2076 822 2118 iam
853 2089 969 2118 vero
999 2071 1119 2119 alios
1149 2071 1336 2118 lectum
1367 2079 1637 2134 expectare
1666 2089 1764 2119 non

280 2177 442 2223 posse,
464 2163 618 2206 immo
642 2176 758 2206 vero
782 2175 874 2205 nec
897 2161 1140 2213 tunicam,
1164 2157 1424 2221 nudosque
1446 2157 1515 2204 ibi
1537 2161 1762 2220 protinus

853 2265 870 2289 ²
906 2264 984 2304 V.l.
1006 2268 1214 2316 praestat.

337 2425 355 2443 ⁰
383 2417 447 2457 Cf.
462 2417 485 2455 I
489 2417 515 2456 l.
532 2416 655 2455 VIII.
674 2417 764 2462 189,
781 2415 1080 2454 Andromache
1094 2415 1198 2454 used
1212 2418 1259 2453 to
1272 2416 1370 2465 give
1382 2415 1490 2454 wine
1503 2419 1551 2453 to
1565 2414 1762 2454 Hector’s

283 2470 650 2521 horses—-though
693 2469 768 2508 the
809 2470 1087 2519 genuineness
1130 2468 1178 2507 of
1215 2468 1290 2507 the
1333 2468 1467 2507 whole
1510 2480 1686 2519 passage
1726 2469 1761 2508 is

283 2525 510 2576 suspected
521 2539 532 2571 ;
563 2523 649 2563 and
675 2522 911 2563 Columella
930 2522 988 2561 II.
1009 2524 1046 2569 3,
1067 2523 1174 2561 wine
1191 2522 1318 2573 given
1335 2525 1382 2562 to
1399 2521 1582 2574 flagging
1601 2534 1724 2561 oxen.

284 2602 371 2659 276
