1940 2998
611 179 856 224 PLINY:
920 177 1249 224 NATURAL
1294 177 1590 225 HISTORY

363 309 541 352 simum
577 305 669 352 hoc
702 306 936 369 platanis³
963 322 1092 368 quae
1127 306 1398 369 plurimum
1433 312 1697 352 ventorum
1725 322 1839 352 con-

360 396 550 456 cipiunt
585 399 792 455 propter
817 392 1124 438 densitatem
1161 409 1428 448 ramorum,
1454 392 1632 454 quibus
1668 408 1839 456 ampu-

360 482 480 525 tatis
548 478 714 524 levato
782 495 932 524 onere
1000 481 1050 523 in
1106 495 1193 525 suo
1261 479 1432 524 scrobe
1499 486 1837 542 reponuntur3

360 565 651 628 factumque
687 569 786 611 iam
812 572 889 611 est
924 564 1017 611 hoc
1043 572 1095 611 et
1119 568 1170 610 in
1193 565 1512 628 iuglandibus
1537 564 1758 627 oleisque
1783 582 1838 612 ac

260 659 337 698 132
361 652 529 699 multis
578 651 698 698 aliis.
789 659 866 698 est
914 654 964 697 in
1014 651 1256 714 exemplis
1295 658 1348 697 et
1385 654 1491 697 sine
1529 659 1837 715 tempestate

359 739 518 786 ullave
548 756 697 785 causa
734 738 829 784 alia
866 755 1016 801 quam
1051 738 1265 801 prodigii
1290 738 1526 784 cecidisse
1564 738 1745 785 multas
1782 756 1838 785 ac

359 843 447 872 sua
472 833 651 889 sponte
676 828 1020 871 resurrexisse.
1089 824 1280 871 factum
1316 823 1409 870 hoc
1431 824 1604 888 populi
1629 825 1837 871 Romani

359 912 634 970 Quiritibus
686 919 942 958 ostentum
993 911 1250 957 Cimbricis
1300 910 1441 957 bellis
1494 911 1738 958 Nuceriae
1788 915 1837 958 in

358 999 468 1045 luco
500 999 701 1044 Iunonis
732 998 883 1054 ulmo,
910 1005 1181 1061 postquam
1212 1000 1366 1044 etiam
1395 1014 1635 1044 cacumen
1667 1016 1836 1062 ampu-

357 1093 523 1132 tatum
565 1093 673 1132 erat
714 1088 949 1148 quoniam
989 1089 1040 1130 in
1081 1101 1218 1130 aram
1258 1087 1418 1148 ipsam
1456 1086 1837 1148 procumbebat,

357 1176 594 1219 restituta
615 1179 795 1236 sponte
817 1175 890 1218 ita
914 1179 969 1218 ut
989 1175 1216 1235 protinus
1240 1170 1458 1227 floreret,
1482 1188 1511 1217 a
1533 1188 1631 1234 quo
1653 1171 1837 1218 deinde

356 1267 584 1322 tempore
611 1262 847 1305 maiestas
871 1276 921 1322 p.
950 1258 1008 1304 R.
1036 1260 1311 1304 resurrexit
1337 1275 1466 1320 quae
1494 1265 1612 1304 ante
1639 1265 1836 1305 vastata

259 1352 333 1391 133
359 1346 580 1392 cladibus
618 1345 798 1392 fuerat.
870 1352 1178 1391 memoratur
1215 1343 1308 1390 hoc
1346 1344 1482 1390 idem
1521 1343 1710 1391 factum
1747 1345 1836 1392 et1

358 1431 595 1496 Philippis
616 1433 765 1479 salice
784 1432 1024 1496 procidua
1044 1439 1197 1494 atque
1219 1431 1537 1488 detruncata,
1557 1439 1610 1478 et
1630 1431 1836 1495 Stagiris

356 1523 407 1566 in
452 1537 625 1566 museo
672 1519 855 1581 populo
903 1519 1032 1574 alba,
1079 1521 1245 1564 omnia
1291 1517 1442 1564 fausti
1490 1521 1679 1565 ominis.
1747 1519 1838 1566 sed

355 1610 572 1652 maxime
604 1610 801 1662 mirum,
834 1606 1083 1652 Antandri
1112 1605 1347 1669 platanus
1379 1608 1534 1651 etiam
1563 1605 1836 1652 circumdo-

355 1693 467 1740 latis
491 1693 730 1740 lateribus
755 1692 988 1739 restibilis
1013 1699 1192 1755 sponte
1218 1691 1354 1738 facta
1378 1695 1612 1754 vitaeque
1637 1692 1835 1738 reddita

353 1780 666 1843 longitudine
718 1795 779 1825 xv
847 1780 1146 1833 cubitorum,
1199 1778 1528 1825 crassitudine
1598 1786 1836 1841 quattuor

357 1868 600 1914 ulnarum.

255 1960 332 1999 134
420 1954 606 2000 LVIII.
648 1955 863 2000 Arbores
907 1971 1029 2016 quas
1083 1960 1293 1999 naturae
1348 1953 1622 1999 debeamus
1676 1954 1833 2000 tribus

353 2041 512 2086 modis
550 2048 836 2096 nascuntur,
862 2048 1042 2104 sponte
1074 2047 1161 2085 aut
1198 2043 1388 2086 semine
1425 2047 1513 2085 aut
1550 2040 1613 2086 ab
1649 2040 1831 2086 radice.

353 2145 469 2174 cura
488 2131 793 2173 numerosior
809 2130 999 2183 extitit,
1015 2127 1079 2173 de
1101 2143 1199 2189 qua
1215 2144 1302 2172 suo
1319 2126 1541 2173 dicemus
1557 2125 1804 2173 volumine
1822 2141 1833 2181 3

354 2232 483 2260 nunc
518 2217 650 2260 enim
683 2221 821 2261 totus
854 2231 1017 2261 sermo
1051 2214 1114 2260 de
1149 2221 1329 2259 natura
1363 2220 1440 2259 est
1472 2212 1640 2259 multis
1674 2213 1832 2260 modis

872 2322 887 2344 ¹
919 2320 1126 2359 Ruckham
1149 2336 1157 2359 :
1189 2321 1309 2359 etin.

398 2455 415 2472 ⁴⁸
444 2448 570 2497 Pliny
599 2461 734 2486 seems
766 2451 813 2485 to
843 2461 917 2486 use
955 2448 1057 2484 ulna
1087 2447 1136 2485 of
1169 2460 1195 2485 a
1228 2446 1407 2486 vertical
1445 2446 1592 2496 length
1622 2446 1745 2498 equal
1784 2450 1831 2486 to

345 2501 530 2540 cubitum
551 2501 848 2551 horizontally,
877 2503 924 2540 18
944 2501 1104 2539 inches.

351 2590 442 2635 474
