<?xml version="1.0" encoding="UTF-8"?>
<!DOCTYPE html PUBLIC "-//W3C//DTD XHTML 1.0 Transitional//EN"
    "http://www.w3.org/TR/xhtml1/DTD/xhtml1-transitional.dtd">
<html xmlns="http://www.w3.org/1999/xhtml" xml:lang="en" lang="en">
 <head>
  <title>
</title>
<meta http-equiv="Content-Type" content="text/html;charset=utf-8" />
  <meta name='ocr-system' content='tesseract 3.04.00' />
  <meta name='ocr-capabilities' content='ocr_page ocr_carea ocr_par ocr_line ocrx_word'/>
</head>
<body>
  <div class='ocr_page' id='page_1' title='image "./naturalhistory04plinuoft/naturalhistory04plinuoft_0130.png"; bbox 0 0 1909 2998; ppageno 0'>
   <div class='ocr_carea' id='block_1_1' title="bbox 229 773 282 812">
    <p class='ocr_par' dir='ltr' id='par_1_1' title="bbox 229 773 282 812">
     <span class='ocr_line' id='line_1_1' title="bbox 229 773 282 812; baseline -0.019 0"><span class='ocrx_word' id='word_1_1' title='bbox 229 773 282 812; x_wconf 88' lang='grc'><strong>34</strong></span> 
     </span>
    </p>
   </div>
   <div class='ocr_carea' id='block_1_2' title="bbox 225 1333 278 1372">
    <p class='ocr_par' dir='ltr' id='par_1_2' title="bbox 225 1333 278 1372">
     <span class='ocr_line' id='line_1_2' title="bbox 225 1333 278 1372; baseline 0.019 -1"><span class='ocrx_word' id='word_1_2' title='bbox 225 1333 278 1372; x_wconf 88' lang='grc'><strong>35</strong></span> 
     </span>
    </p>
   </div>
   <div class='ocr_carea' id='block_1_3' title="bbox 223 1895 275 1933">
    <p class='ocr_par' dir='ltr' id='par_1_3' title="bbox 223 1895 275 1933">
     <span class='ocr_line' id='line_1_3' title="bbox 223 1895 275 1933; baseline -0.038 0"><span class='ocrx_word' id='word_1_3' title='bbox 223 1895 275 1933; x_wconf 84' lang='grc'><strong>36</strong></span> 
     </span>
    </p>
   </div>
   <div class='ocr_carea' id='block_1_4' title="bbox 570 168 1551 217">
    <p class='ocr_par' dir='ltr' id='par_1_4' title="bbox 570 168 1551 217">
     <span class='ocr_line' id='line_1_4' title="bbox 570 168 1551 217; baseline -0.002 0"><span class='ocrx_word' id='word_1_4' title='bbox 570 170 814 217; x_wconf 87' lang='lat' dir='ltr'>PLINY:</span> <span class='ocrx_word' id='word_1_5' title='bbox 878 169 1209 216; x_wconf 91' lang='lat' dir='ltr'>NATURAL</span> <span class='ocrx_word' id='word_1_6' title='bbox 1253 168 1551 216; x_wconf 89' lang='lat' dir='ltr'>HISTORY</span> 
     </span>
    </p>
   </div>
   <div class='ocr_carea' id='block_1_5' title="bbox 304 295 1803 2232">
    <p class='ocr_par' dir='ltr' id='par_1_5' title="bbox 307 295 1803 1858">
     <span class='ocr_line' id='line_1_5' title="bbox 315 295 1803 346; baseline -0.002 0"><span class='ocrx_word' id='word_1_7' title='bbox 315 306 516 346; x_wconf 85' lang='lat' dir='ltr'><strong>tantum</strong></span> <span class='ocrx_word' id='word_1_8' title='bbox 555 300 824 344; x_wconf 86' lang='lat' dir='ltr'>cacuminis</span> <span class='ocrx_word' id='word_1_9' title='bbox 849 297 867 326; x_wconf 83' lang='lat'>1</span> <span class='ocrx_word' id='word_1_10' title='bbox 904 296 985 342; x_wconf 91' lang='lat' dir='ltr'><strong>filo</strong></span> <span class='ocrx_word' id='word_1_11' title='bbox 1026 295 1285 343; x_wconf 79' lang='lat' dir='ltr'><strong>adhaeret.</strong></span> <span class='ocrx_word' id='word_1_12' title='bbox 1356 312 1471 342; x_wconf 93' lang='lat' dir='ltr'><strong>caro</strong></span> <span class='ocrx_word' id='word_1_13' title='bbox 1509 299 1803 343; x_wconf 76' lang='lat' dir='ltr'><strong>maturescit</strong></span> 
     </span>
     <span class='ocr_line' id='line_1_6' title="bbox 316 389 1803 455; baseline -0.003 -16"><span class='ocrx_word' id='word_1_14' title='bbox 316 407 474 447; x_wconf 90' lang='lat' dir='ltr'><strong>anno;</strong></span> <span class='ocrx_word' id='word_1_15' title='bbox 515 390 815 455; x_wconf 89' lang='lat' dir='ltr'><strong>quibusdam</strong></span> <span class='ocrx_word' id='word_1_16' title='bbox 836 397 1012 437; x_wconf 89' lang='lat' dir='ltr'><strong>tamen</strong></span> <span class='ocrx_word' id='word_1_17' title='bbox 1035 392 1086 434; x_wconf 93' lang='lat' dir='ltr'><strong>in</strong></span> <span class='ocrx_word' id='word_1_18' title='bbox 1109 389 1247 445; x_wconf 89' lang='lat' dir='ltr'><strong>locis,</strong></span> <span class='ocrx_word' id='word_1_19' title='bbox 1271 396 1329 436; x_wconf 88' lang='lat' dir='ltr'><strong>ut</strong></span> <span class='ocrx_word' id='word_1_20' title='bbox 1352 392 1402 434; x_wconf 94' lang='lat' dir='ltr'><strong>in</strong></span> <span class='ocrx_word' id='word_1_21' title='bbox 1426 389 1608 453; x_wconf 90' lang='lat' dir='ltr'><strong>Cypro,</strong></span> <span class='ocrx_word' id='word_1_22' title='bbox 1631 406 1803 452; x_wconf 90' lang='lat' dir='ltr'><strong>quam-</strong></span> 
     </span>
     <span class='ocr_line' id='line_1_7' title="bbox 316 485 1801 548; baseline -0.001 -16"><span class='ocrx_word' id='word_1_23' title='bbox 316 503 467 548; x_wconf 91' lang='lat' dir='ltr'><strong>quam</strong></span> <span class='ocrx_word' id='word_1_24' title='bbox 503 485 567 531; x_wconf 90' lang='lat' dir='ltr'><strong>ad</strong></span> <span class='ocrx_word' id='word_1_25' title='bbox 603 487 954 530; x_wconf 86' lang='lat' dir='ltr'><strong>maturitatem</strong></span> <span class='ocrx_word' id='word_1_26' title='bbox 990 500 1091 529; x_wconf 91' lang='lat' dir='ltr'><strong>non</strong></span> <span class='ocrx_word' id='word_1_27' title='bbox 1124 485 1407 547; x_wconf 88' lang='lat' dir='ltr'><strong>perveniat,</strong></span> <span class='ocrx_word' id='word_1_28' title='bbox 1445 490 1590 545; x_wconf 88' lang='lat' dir='ltr'><strong>grato</strong></span> <span class='ocrx_word' id='word_1_29' title='bbox 1625 500 1801 547; x_wconf 87' lang='lat' dir='ltr'><strong>sapore</strong></span> 
     </span>
     <span class='ocr_line' id='line_1_8' title="bbox 314 575 1801 639; baseline -0.001 -14"><span class='ocrx_word' id='word_1_30' title='bbox 314 579 470 625; x_wconf 90' lang='lat' dir='ltr'><strong>dulcis</strong></span> <span class='ocrx_word' id='word_1_31' title='bbox 506 586 599 625; x_wconf 88' lang='lat' dir='ltr'><strong>est.</strong></span> <span class='ocrx_word' id='word_1_32' title='bbox 669 577 842 623; x_wconf 91' lang='lat' dir='ltr'><strong>folium</strong></span> <span class='ocrx_word' id='word_1_33' title='bbox 877 578 946 623; x_wconf 91' lang='lat' dir='ltr'><strong>ibi</strong></span> <span class='ocrx_word' id='word_1_34' title='bbox 980 576 1149 632; x_wconf 87' lang='lat' dir='ltr'><strong>latius,</strong></span> <span class='ocrx_word' id='word_1_35' title='bbox 1185 575 1376 622; x_wconf 88' lang='lat' dir='ltr'><strong>fructus</strong></span> <span class='ocrx_word' id='word_1_36' title='bbox 1415 593 1566 638; x_wconf 88' lang='lat' dir='ltr'><strong>quam</strong></span> <span class='ocrx_word' id='word_1_37' title='bbox 1600 576 1801 639; x_wconf 89' lang='lat' dir='ltr'><strong>reliquis</strong></span> 
     </span>
     <span class='ocr_line' id='line_1_9' title="bbox 313 670 1800 734; baseline -0.001 -16"><span class='ocrx_word' id='word_1_38' title='bbox 313 672 590 727; x_wconf 85' lang='lat' dir='ltr'><strong>rotundior,</strong></span> <span class='ocrx_word' id='word_1_39' title='bbox 615 688 709 718; x_wconf 87' lang='lat' dir='ltr'><strong>nec</strong></span> <span class='ocrx_word' id='word_1_40' title='bbox 734 678 792 717; x_wconf 89' lang='lat' dir='ltr'><strong>ut</strong></span> <span class='ocrx_word' id='word_1_41' title='bbox 817 670 1087 717; x_wconf 86' lang='lat' dir='ltr'><strong>devoretur</strong></span> <span class='ocrx_word' id='word_1_42' title='bbox 1112 687 1308 734; x_wconf 84' lang='lat' dir='ltr'><strong>corpus,</strong></span> <span class='ocrx_word' id='word_1_43' title='bbox 1335 686 1508 716; x_wconf 91' lang='lat' dir='ltr'><strong>verum</strong></span> <span class='ocrx_word' id='word_1_44' title='bbox 1533 677 1590 716; x_wconf 90' lang='lat' dir='ltr'><strong>ut</strong></span> <span class='ocrx_word' id='word_1_45' title='bbox 1616 687 1800 734; x_wconf 82' lang='lat' dir='ltr'><strong>expua-</strong></span> 
     </span>
     <span class='ocr_line' id='line_1_10' title="bbox 316 763 1799 828; baseline -0.001 -16"><span class='ocrx_word' id='word_1_46' title='bbox 316 773 399 812; x_wconf 85' lang='lat' dir='ltr'><strong>tur</strong></span> <span class='ocrx_word' id='word_1_47' title='bbox 449 781 566 812; x_wconf 90' lang='lat' dir='ltr'><strong>suco</strong></span> <span class='ocrx_word' id='word_1_48' title='bbox 616 765 766 811; x_wconf 91' lang='lat' dir='ltr'><strong>modo</strong></span> <span class='ocrx_word' id='word_1_49' title='bbox 808 781 1060 828; x_wconf 85' lang='lat' dir='ltr'><strong>expresso.</strong></span> <span class='ocrx_word' id='word_1_50' title='bbox 1129 770 1183 810; x_wconf 89' lang='lat' dir='ltr'><strong>et</strong></span> <span class='ocrx_word' id='word_1_51' title='bbox 1232 766 1284 808; x_wconf 92' lang='lat' dir='ltr'><strong>in</strong></span> <span class='ocrx_word' id='word_1_52' title='bbox 1335 764 1523 809; x_wconf 90' lang='lat' dir='ltr'><strong>Arabia</strong></span> <span class='ocrx_word' id='word_1_53' title='bbox 1564 763 1799 827; x_wconf 85' lang='lat' dir='ltr'><strong>languide</strong></span> 
     </span>
     <span class='ocr_line' id='line_1_11' title="bbox 313 857 1800 921; baseline -0.001 -16"><span class='ocrx_word' id='word_1_54' title='bbox 313 859 483 905; x_wconf 84' lang='lat' dir='ltr'><strong>dulces</strong></span> <span class='ocrx_word' id='word_1_55' title='bbox 507 858 777 905; x_wconf 87' lang='lat' dir='ltr'><strong>traduntur</strong></span> <span class='ocrx_word' id='word_1_56' title='bbox 803 875 911 904; x_wconf 89' lang='lat' dir='ltr'><strong>esse</strong></span> <span class='ocrx_word' id='word_1_57' title='bbox 937 857 1155 921; x_wconf 88' lang='lat' dir='ltr'><strong>palmae,</strong></span> <span class='ocrx_word' id='word_1_58' title='bbox 1182 874 1488 920; x_wconf 88' lang='lat' dir='ltr'><strong>quamquam</strong></span> <span class='ocrx_word' id='word_1_59' title='bbox 1516 857 1641 903; x_wconf 90' lang='lat' dir='ltr'><strong>Iuba</strong></span> <span class='ocrx_word' id='word_1_60' title='bbox 1666 857 1800 921; x_wconf 91' lang='lat' dir='ltr'><strong>apud</strong></span> 
     </span>
     <span class='ocr_line' id='line_1_12' title="bbox 311 950 1799 1015; baseline -0.001 -16"><span class='ocrx_word' id='word_1_61' title='bbox 311 952 538 999; x_wconf 82' lang='lat' dir='ltr'><strong>Scenitas</strong></span> <span class='ocrx_word' id='word_1_62' title='bbox 579 953 772 998; x_wconf 90' lang='lat' dir='ltr'><strong>Arabas</strong></span> <span class='ocrx_word' id='word_1_63' title='bbox 811 950 1039 1015; x_wconf 88' lang='lat' dir='ltr'><strong>praefert</strong></span> <span class='ocrx_word' id='word_1_64' title='bbox 1079 951 1308 997; x_wconf 89' lang='lat' dir='ltr'><strong>omnibus</strong></span> <span class='ocrx_word' id='word_1_65' title='bbox 1349 951 1607 1014; x_wconf 88' lang='lat' dir='ltr'><strong>saporibus</strong></span> <span class='ocrx_word' id='word_1_66' title='bbox 1649 968 1799 1014; x_wconf 91' lang='lat' dir='ltr'><strong>quam</strong></span> 
     </span>
     <span class='ocr_line' id='line_1_13' title="bbox 312 1045 1799 1108; baseline 0 -16"><span class='ocrx_word' id='word_1_67' title='bbox 312 1054 491 1093; x_wconf 88' lang='lat' dir='ltr'><strong>vocant</strong></span> <span class='ocrx_word' id='word_1_68' title='bbox 537 1046 736 1093; x_wconf 77' lang='lat' dir='ltr'><strong>dablan‚</strong></span> <span class='ocrx_word' id='word_1_69' title='bbox 805 1052 978 1091; x_wconf 88' lang='lat' dir='ltr'><strong>cetero</strong></span> <span class='ocrx_word' id='word_1_70' title='bbox 1025 1047 1131 1091; x_wconf 88' lang='lat' dir='ltr'><strong>sine</strong></span> <span class='ocrx_word' id='word_1_71' title='bbox 1178 1045 1399 1090; x_wconf 88' lang='lat' dir='ltr'><strong>maribus</strong></span> <span class='ocrx_word' id='word_1_72' title='bbox 1446 1061 1546 1090; x_wconf 90' lang='lat' dir='ltr'><strong>non</strong></span> <span class='ocrx_word' id='word_1_73' title='bbox 1591 1047 1799 1108; x_wconf 85' lang='lat' dir='ltr'><strong>gignere</strong></span> 
     </span>
     <span class='ocr_line' id='line_1_14' title="bbox 311 1137 1798 1203; baseline 0.001 -18"><span class='ocrx_word' id='word_1_74' title='bbox 311 1139 523 1187; x_wconf 90' lang='lat' dir='ltr'><strong>feminas</strong></span> <span class='ocrx_word' id='word_1_75' title='bbox 560 1147 740 1203; x_wconf 89' lang='lat' dir='ltr'><strong>sponte</strong></span> <span class='ocrx_word' id='word_1_76' title='bbox 785 1139 923 1185; x_wconf 87' lang='lat' dir='ltr'><strong>edito</strong></span> <span class='ocrx_word' id='word_1_77' title='bbox 972 1154 1177 1184; x_wconf 89' lang='lat' dir='ltr'><strong>nemore</strong></span> <span class='ocrx_word' id='word_1_78' title='bbox 1215 1137 1531 1194; x_wconf 85' lang='lat' dir='ltr'><strong>confirmant,</strong></span> <span class='ocrx_word' id='word_1_79' title='bbox 1568 1141 1798 1202; x_wconf 89' lang='lat' dir='ltr'><strong>circaque</strong></span> 
     </span>
     <span class='ocr_line' id='line_1_15' title="bbox 310 1231 1798 1297; baseline 0 -18"><span class='ocrx_word' id='word_1_80' title='bbox 310 1233 528 1296; x_wconf 84' lang='lat' dir='ltr'><strong>singulos</strong></span> <span class='ocrx_word' id='word_1_81' title='bbox 566 1233 734 1297; x_wconf 89' lang='lat' dir='ltr'><strong>plures</strong></span> <span class='ocrx_word' id='word_1_82' title='bbox 773 1240 953 1279; x_wconf 91' lang='lat' dir='ltr'><strong>nutare</strong></span> <span class='ocrx_word' id='word_1_83' title='bbox 991 1235 1043 1278; x_wconf 92' lang='lat' dir='ltr'><strong>in</strong></span> <span class='ocrx_word' id='word_1_84' title='bbox 1083 1249 1199 1278; x_wconf 90' lang='lat' dir='ltr'><strong>eum</strong></span> <span class='ocrx_word' id='word_1_85' title='bbox 1236 1248 1419 1295; x_wconf 86' lang='lat' dir='ltr'><strong>pronas</strong></span> <span class='ocrx_word' id='word_1_86' title='bbox 1457 1231 1798 1279; x_wconf 87' lang='lat' dir='ltr'><strong>blandioribus</strong></span> 
     </span>
     <span class='ocr_line' id='line_1_16' title="bbox 312 1325 1798 1390; baseline 0 -17"><span class='ocrx_word' id='word_1_87' title='bbox 312 1330 464 1373; x_wconf 85' lang='lat' dir='ltr'><strong>comis</strong></span> <span class='ocrx_word' id='word_1_88' title='bbox 481 1342 492 1382; x_wconf 91' lang='grc'><strong>;</strong></span> <span class='ocrx_word' id='word_1_89' title='bbox 533 1327 672 1373; x_wconf 90' lang='lat' dir='ltr'><strong>illum</strong></span> <span class='ocrx_word' id='word_1_90' title='bbox 695 1329 876 1373; x_wconf 86' lang='lat' dir='ltr'><strong>erectis</strong></span> <span class='ocrx_word' id='word_1_91' title='bbox 897 1325 1150 1390; x_wconf 90' lang='lat' dir='ltr'><strong>hispidum</strong></span> <span class='ocrx_word' id='word_1_92' title='bbox 1173 1325 1363 1372; x_wconf 90' lang='lat' dir='ltr'><strong>adflatu</strong></span> <span class='ocrx_word' id='word_1_93' title='bbox 1385 1328 1593 1388; x_wconf 89' lang='lat' dir='ltr'><strong>visuque</strong></span> <span class='ocrx_word' id='word_1_94' title='bbox 1615 1329 1723 1390; x_wconf 86' lang='lat' dir='ltr'><strong>ipso</strong></span> <span class='ocrx_word' id='word_1_95' title='bbox 1745 1334 1798 1374; x_wconf 91' lang='lat' dir='ltr'><strong>et</strong></span> 
     </span>
     <span class='ocr_line' id='line_1_17' title="bbox 307 1418 1796 1484; baseline 0 -17"><span class='ocrx_word' id='word_1_96' title='bbox 307 1420 513 1484; x_wconf 90' lang='lat' dir='ltr'><strong>pulvere</strong></span> <span class='ocrx_word' id='word_1_97' title='bbox 575 1423 731 1467; x_wconf 84' lang='lat' dir='ltr'><strong>etiam</strong></span> <span class='ocrx_word' id='word_1_98' title='bbox 791 1420 1008 1483; x_wconf 88' lang='lat' dir='ltr'><strong>reliquas</strong></span> <span class='ocrx_word' id='word_1_99' title='bbox 1069 1422 1336 1474; x_wconf 80' lang='lat' dir='ltr'><strong>maritare3</strong></span> <span class='ocrx_word' id='word_1_100' title='bbox 1414 1418 1560 1466; x_wconf 88' lang='lat' dir='ltr'><strong>huius</strong></span> <span class='ocrx_word' id='word_1_101' title='bbox 1622 1421 1796 1467; x_wconf 89' lang='lat' dir='ltr'><strong>arbore</strong></span> 
     </span>
     <span class='ocr_line' id='line_1_18' title="bbox 309 1512 1795 1577; baseline 0 -17"><span class='ocrx_word' id='word_1_102' title='bbox 309 1517 476 1561; x_wconf 85' lang='lat' dir='ltr'><strong>excisa</strong></span> <span class='ocrx_word' id='word_1_103' title='bbox 507 1514 705 1560; x_wconf 89' lang='lat' dir='ltr'><strong>viduvio</strong></span> <span class='ocrx_word' id='word_1_104' title='bbox 727 1512 746 1542; x_wconf 83' lang='lat'><strong>²</strong></span> <span class='ocrx_word' id='word_1_105' title='bbox 775 1521 891 1577; x_wconf 89' lang='lat' dir='ltr'><strong>post</strong></span> <span class='ocrx_word' id='word_1_106' title='bbox 924 1512 1237 1560; x_wconf 87' lang='lat' dir='ltr'><strong>sterilescere</strong></span> <span class='ocrx_word' id='word_1_107' title='bbox 1270 1512 1498 1560; x_wconf 89' lang='lat' dir='ltr'><strong>feminas.</strong></span> <span class='ocrx_word' id='word_1_108' title='bbox 1568 1513 1795 1577; x_wconf 89' lang='lat' dir='ltr'><strong>adeoque</strong></span> 
     </span>
     <span class='ocr_line' id='line_1_19' title="bbox 309 1607 1796 1670; baseline 0 -16"><span class='ocrx_word' id='word_1_109' title='bbox 309 1615 387 1654; x_wconf 89' lang='lat' dir='ltr'><strong>est</strong></span> <span class='ocrx_word' id='word_1_110' title='bbox 410 1611 604 1654; x_wconf 89' lang='lat' dir='ltr'><strong>veneris</strong></span> <span class='ocrx_word' id='word_1_111' title='bbox 628 1607 916 1653; x_wconf 88' lang='lat' dir='ltr'><strong>intellectus</strong></span> <span class='ocrx_word' id='word_1_112' title='bbox 942 1614 998 1653; x_wconf 87' lang='lat' dir='ltr'><strong>ut</strong></span> <span class='ocrx_word' id='word_1_113' title='bbox 1022 1610 1182 1653; x_wconf 89' lang='lat' dir='ltr'><strong>coitus</strong></span> <span class='ocrx_word' id='word_1_114' title='bbox 1209 1610 1364 1653; x_wconf 88' lang='lat' dir='ltr'><strong>etiam</strong></span> <span class='ocrx_word' id='word_1_115' title='bbox 1389 1610 1707 1670; x_wconf 84' lang='lat' dir='ltr'><strong>excogitatus</strong></span> <span class='ocrx_word' id='word_1_116' title='bbox 1732 1611 1796 1654; x_wconf 89' lang='lat' dir='ltr'><strong>sit</strong></span> 
     </span>
     <span class='ocr_line' id='line_1_20' title="bbox 309 1700 1795 1763; baseline 0.001 -17"><span class='ocrx_word' id='word_1_117' title='bbox 309 1702 372 1746; x_wconf 90' lang='lat' dir='ltr'><strong>ab</strong></span> <span class='ocrx_word' id='word_1_118' title='bbox 399 1700 600 1747; x_wconf 91' lang='lat' dir='ltr'><strong>homine</strong></span> <span class='ocrx_word' id='word_1_119' title='bbox 629 1718 656 1747; x_wconf 91' lang='lat' dir='ltr'><strong>e</strong></span> <span class='ocrx_word' id='word_1_120' title='bbox 684 1702 904 1746; x_wconf 90' lang='lat' dir='ltr'><strong>maribus</strong></span> <span class='ocrx_word' id='word_1_121' title='bbox 932 1700 1052 1746; x_wconf 89' lang='lat' dir='ltr'><strong>flore</strong></span> <span class='ocrx_word' id='word_1_122' title='bbox 1080 1717 1138 1746; x_wconf 94' lang='lat' dir='ltr'><strong>ac</strong></span> <span class='ocrx_word' id='word_1_123' title='bbox 1164 1700 1421 1763; x_wconf 85' lang='lat' dir='ltr'><strong>lanugine,</strong></span> <span class='ocrx_word' id='word_1_124' title='bbox 1449 1703 1652 1746; x_wconf 89' lang='lat' dir='ltr'><strong>interim</strong></span> <span class='ocrx_word' id='word_1_125' title='bbox 1679 1719 1795 1748; x_wconf 91' lang='lat' dir='ltr'><strong>vero</strong></span> 
     </span>
     <span class='ocr_line' id='line_1_21' title="bbox 307 1793 1219 1858; baseline -0.001 -18"><span class='ocrx_word' id='word_1_126' title='bbox 307 1801 508 1840; x_wconf 88' lang='lat' dir='ltr'><strong>tantum</strong></span> <span class='ocrx_word' id='word_1_127' title='bbox 530 1794 735 1858; x_wconf 90' lang='lat' dir='ltr'><strong>pulvere</strong></span> <span class='ocrx_word' id='word_1_128' title='bbox 759 1797 983 1857; x_wconf 83' lang='lat' dir='ltr'><strong>insperso</strong></span> <span class='ocrx_word' id='word_1_129' title='bbox 1006 1793 1219 1840; x_wconf 89' lang='lat' dir='ltr'><strong>feminis.</strong></span> 
     </span>
    </p>

    <p class='ocr_par' dir='ltr' id='par_1_6' title="bbox 304 1886 1793 2232">
     <span class='ocr_line' id='line_1_22' title="bbox 374 1886 1793 1951; baseline 0.001 -18"><span class='ocrx_word' id='word_1_130' title='bbox 374 1886 515 1934; x_wconf 91' lang='lat' dir='ltr'>VIII.</span> <span class='ocrx_word' id='word_1_131' title='bbox 556 1888 800 1934; x_wconf 89' lang='lat' dir='ltr'><strong>Seruntur</strong></span> <span class='ocrx_word' id='word_1_132' title='bbox 820 1895 992 1934; x_wconf 90' lang='lat' dir='ltr'><strong>autem</strong></span> <span class='ocrx_word' id='word_1_133' title='bbox 1010 1887 1209 1951; x_wconf 91' lang='lat' dir='ltr'><strong>palmae</strong></span> <span class='ocrx_word' id='word_1_134' title='bbox 1227 1895 1279 1934; x_wconf 90' lang='lat' dir='ltr'><strong>et</strong></span> <span class='ocrx_word' id='word_1_135' title='bbox 1296 1895 1473 1934; x_wconf 84' lang='lat' dir='ltr'><strong>trunco</strong></span> <span class='ocrx_word' id='word_1_136' title='bbox 1489 1887 1644 1934; x_wconf 92' lang='lat' dir='ltr'><strong>duum</strong></span> <span class='ocrx_word' id='word_1_137' title='bbox 1659 1890 1793 1935; x_wconf 91' lang='lat' dir='ltr'><strong>cubi-</strong></span> 
     </span>
     <span class='ocr_line' id='line_1_23' title="bbox 306 1981 1793 2044; baseline 0.001 -17"><span class='ocrx_word' id='word_1_138' title='bbox 306 1988 472 2027; x_wconf 85' lang='lat' dir='ltr'><strong>torum</strong></span> <span class='ocrx_word' id='word_1_139' title='bbox 490 1981 806 2044; x_wconf 88' lang='lat' dir='ltr'><strong>longitudine</strong></span> <span class='ocrx_word' id='word_1_140' title='bbox 829 1999 857 2027; x_wconf 92' lang='lat' dir='ltr'><strong>a</strong></span> <span class='ocrx_word' id='word_1_141' title='bbox 873 1982 1079 2028; x_wconf 86' lang='lat' dir='ltr'><strong>cerebro</strong></span> <span class='ocrx_word' id='word_1_142' title='bbox 1099 1984 1207 2044; x_wconf 89' lang='lat' dir='ltr'><strong>ipso</strong></span> <span class='ocrx_word' id='word_1_143' title='bbox 1229 1982 1416 2028; x_wconf 88' lang='lat' dir='ltr'><strong>arboris</strong></span> <span class='ocrx_word' id='word_1_144' title='bbox 1434 1981 1616 2028; x_wconf 86' lang='lat' dir='ltr'><strong>fissuris</strong></span> <span class='ocrx_word' id='word_1_145' title='bbox 1637 1982 1793 2029; x_wconf 82' lang='lat' dir='ltr'><strong>diviso</strong></span> 
     </span>
     <span class='ocr_line' id='line_1_24' title="bbox 306 2073 1792 2136; baseline 0.002 -16"><span class='ocrx_word' id='word_1_146' title='bbox 306 2082 459 2136; x_wconf 87' lang='lat' dir='ltr'><strong>atque</strong></span> <span class='ocrx_word' id='word_1_147' title='bbox 479 2073 692 2121; x_wconf 91' lang='lat' dir='ltr'><strong>defosso.</strong></span> <span class='ocrx_word' id='word_1_148' title='bbox 743 2082 795 2121; x_wconf 89' lang='lat' dir='ltr'><strong>et</strong></span> <span class='ocrx_word' id='word_1_149' title='bbox 816 2075 878 2120; x_wconf 91' lang='lat' dir='ltr'><strong>ab</strong></span> <span class='ocrx_word' id='word_1_150' title='bbox 898 2075 1065 2121; x_wconf 89' lang='lat' dir='ltr'><strong>radice</strong></span> <span class='ocrx_word' id='word_1_151' title='bbox 1085 2074 1282 2121; x_wconf 81' lang='lat' dir='ltr'><strong>avolsae</strong></span> <span class='ocrx_word' id='word_1_152' title='bbox 1301 2075 1465 2121; x_wconf 86' lang='lat' dir='ltr'><strong>vitalis</strong></span> <span class='ocrx_word' id='word_1_153' title='bbox 1486 2083 1563 2121; x_wconf 91' lang='lat' dir='ltr'><strong>est</strong></span> <span class='ocrx_word' id='word_1_154' title='bbox 1583 2082 1720 2122; x_wconf 87' lang='lat' dir='ltr'><strong>satus</strong></span> <span class='ocrx_word' id='word_1_155' title='bbox 1740 2083 1792 2123; x_wconf 88' lang='lat' dir='ltr'><strong>et</strong></span> 
     </span>
     <span class='ocr_line' id='line_1_25' title="bbox 304 2169 1793 2232; baseline 0.002 -19"><span class='ocrx_word' id='word_1_156' title='bbox 304 2184 555 2214; x_wconf 88' lang='lat' dir='ltr'><strong>ramorum</strong></span> <span class='ocrx_word' id='word_1_157' title='bbox 587 2171 885 2214; x_wconf 89' lang='lat' dir='ltr'><strong>tenerrimis.</strong></span> <span class='ocrx_word' id='word_1_158' title='bbox 965 2171 1016 2214; x_wconf 89' lang='lat' dir='ltr'><strong>in</strong></span> <span class='ocrx_word' id='word_1_159' title='bbox 1047 2169 1253 2232; x_wconf 87' lang='lat' dir='ltr'><strong>Assyria</strong></span> <span class='ocrx_word' id='word_1_160' title='bbox 1285 2172 1394 2232; x_wconf 89' lang='lat' dir='ltr'><strong>ipsa</strong></span> <span class='ocrx_word' id='word_1_161' title='bbox 1422 2186 1622 2232; x_wconf 90' lang='lat' dir='ltr'><strong>quoque</strong></span> <span class='ocrx_word' id='word_1_162' title='bbox 1648 2171 1793 2216; x_wconf 87' lang='lat' dir='ltr'><strong>arbor</strong></span> 
     </span>
    </p>
   </div>
   <div class='ocr_carea' id='block_1_6' title="bbox 306 2261 1791 2320">
    <p class='ocr_par' dir='ltr' id='par_1_7' title="bbox 306 2261 1791 2320">
     <span class='ocr_line' id='line_1_26' title="bbox 306 2261 1791 2320; baseline 0.003 -15"><span class='ocrx_word' id='word_1_163' title='bbox 306 2268 465 2306; x_wconf 84' lang='lat' dir='ltr'><strong>strata</strong></span> <span class='ocrx_word' id='word_1_164' title='bbox 497 2264 547 2306; x_wconf 90' lang='lat' dir='ltr'><strong>in</strong></span> <span class='ocrx_word' id='word_1_165' title='bbox 580 2261 682 2307; x_wconf 89' lang='lat' dir='ltr'><strong>solo</strong></span> <span class='ocrx_word' id='word_1_166' title='bbox 717 2261 886 2307; x_wconf 92' lang='lat' dir='ltr'><strong>umido</strong></span> <span class='ocrx_word' id='word_1_167' title='bbox 919 2269 1030 2308; x_wconf 86' lang='lat' dir='ltr'><strong>tota</strong></span> <span class='ocrx_word' id='word_1_168' title='bbox 1061 2262 1331 2318; x_wconf 87' lang='lat' dir='ltr'><strong>radicatur,</strong></span> <span class='ocrx_word' id='word_1_169' title='bbox 1364 2262 1454 2309; x_wconf 89' lang='lat' dir='ltr'><strong>sed</strong></span> <span class='ocrx_word' id='word_1_170' title='bbox 1486 2265 1536 2308; x_wconf 89' lang='lat' dir='ltr'><strong>in</strong></span> <span class='ocrx_word' id='word_1_171' title='bbox 1569 2261 1791 2320; x_wconf 87' lang='lat' dir='ltr'><strong>frutices,</strong></span> 
     </span>
    </p>
   </div>
   <div class='ocr_carea' id='block_1_7' title="bbox 788 2418 1320 2522">
    <p class='ocr_par' dir='ltr' id='par_1_8' title="bbox 788 2418 1320 2522">
     <span class='ocr_line' id='line_1_27' title="bbox 789 2418 1199 2458; baseline 0.005 -2"><span class='ocrx_word' id='word_1_172' title='bbox 789 2419 804 2442; x_wconf 83' lang='lat'>1</span> <span class='ocrx_word' id='word_1_173' title='bbox 833 2419 1044 2457; x_wconf 88' lang='lat' dir='ltr'><strong>cacumini</strong></span> <span class='ocrx_word' id='word_1_174' title='bbox 1063 2418 1199 2458; x_wconf 71' lang='lat' dir='ltr'><strong>Galen.</strong></span> 
     </span>
     <span class='ocr_line' id='line_1_28' title="bbox 788 2471 1320 2522; baseline 0 -11"><span class='ocrx_word' id='word_1_175' title='bbox 788 2472 803 2495; x_wconf 87' lang='lat'><strong>²</strong></span> <span class='ocrx_word' id='word_1_176' title='bbox 829 2471 980 2522; x_wconf 71' lang='lat' dir='ltr'><strong>Silliq:</strong></span> <span class='ocrx_word' id='word_1_177' title='bbox 1017 2472 1146 2511; x_wconf 90' lang='lat' dir='ltr'><strong>biduo</strong></span> <span class='ocrx_word' id='word_1_178' title='bbox 1167 2477 1201 2511; x_wconf 77' lang='lat' dir='ltr'><strong>et</strong></span> <span class='ocrx_word' id='word_1_179' title='bbox 1219 2472 1320 2511; x_wconf 77' lang='lat' dir='ltr'><strong>alia.</strong></span> 
     </span>
    </p>
   </div>
   <div class='ocr_carea' id='block_1_8' title="bbox 312 2567 397 2611">
    <p class='ocr_par' dir='ltr' id='par_1_9' title="bbox 312 2567 397 2611">
     <span class='ocr_line' id='line_1_29' title="bbox 312 2567 397 2611; baseline 0.012 -1"><span class='ocrx_word' id='word_1_180' title='bbox 312 2567 397 2611; x_wconf 86' lang='lat'><strong>118</strong></span> 
     </span>
    </p>
   </div>
  </div>
 </body>
</html>
