1909 2998
212 735 264 771 47

212 1538 264 1576 48

211 2340 263 2377 49

549 201 792 247 PLINY:
857 200 1186 247 NATURAL
1232 199 1527 246 HISTORY

295 331 597 391 siccioraque
626 327 743 373 folia
771 335 824 374 et
850 331 1081 373 tenuiora
1108 344 1164 373 ac
1193 331 1351 389 inagis
1380 326 1619 390 algentia,
1646 334 1776 373 tota-

297 445 394 490 que
452 427 693 474 horridior
749 435 802 473 et
857 427 1060 490 perfusa
1116 430 1295 482 resina,
1352 427 1541 489 lignum
1599 427 1777 473 abietis

296 528 513 574 similius.
582 528 704 573 larix
736 531 858 574 ustis
884 528 1131 574 radicibus
1162 544 1261 572 non
1291 526 1577 590 repullulat,
1602 527 1777 589 <picea

294 627 634 691 repullulat>,1
684 635 740 673 ut
790 631 840 673 in
891 627 1054 673 Lesbo
1104 626 1286 673 accidit
1335 629 1537 672 incenso
1573 642 1776 672 nemore

298 726 563 790 Pyrrhaeo.
632 728 728 773 alia
768 731 1056 774 etiamnunc
1096 728 1365 790 generibus
1405 730 1523 790 ipsis
1563 729 1614 772 in
1653 743 1774 773 sexu

295 828 604 883 differentia3
640 845 746 874 mas
786 829 982 874 brevior
1022 834 1075 874 et
1115 827 1283 873 durior
1322 826 1551 889 <foliis>2,
1592 826 1778 873 femina

293 932 559 992 procerior,
580 929 924 991 pinguioribus
947 927 1075 974 foliis
1100 935 1152 974 et
1174 927 1479 990 simplicibus
1503 934 1655 990 atque
1678 944 1777 973 non

292 1030 603 1092 rigentibu83
664 1029 855 1092 lignum
908 1029 1125 1075 maribus
1179 1028 1358 1074 durum
1411 1034 1464 1074 et
1515 1031 1567 1074 in
1619 1027 1778 1074 fabrili

294 1147 444 1193 opere
505 1137 807 1185 contortum,
869 1128 1086 1176 feminae
1147 1128 1359 1184 mollius,
1418 1128 1620 1192 publico
1679 1128 1776 1175 dis—

293 1233 497 1276 crimine
543 1234 594 1275 in
640 1230 922 1276 securibus:
986 1229 1082 1276 hae
1129 1232 1180 1275 in
1227 1246 1542 1292 quocumque
1588 1245 1776 1292 genere

293 1330 680 1394 deprehendunt
698 1347 908 1386 marem,
928 1333 1114 1394 quippe
1134 1336 1440 1393 respuuntur
1459 1336 1512 1376 et
1531 1328 1776 1393 fragosius

293 1431 479 1486 sidunt,
510 1434 706 1494 aegrius
736 1430 1058 1477 revelluntur.
1127 1433 1235 1493 ipsa
1264 1432 1502 1476 materies
1532 1429 1778 1475 retorrida

297 1539 349 1577 et
380 1534 564 1594 nigrior
596 1532 830 1577 maribus.
898 1531 1059 1577 laricis
1085 1534 1215 1576 circa
1247 1530 1391 1576 Idam
1420 1533 1471 1575 in
1501 1530 1695 1576 Troade
1725 1537 1778 1576 et

294 1632 389 1677 alia
434 1631 732 1688 differentia,
777 1638 1049 1677 montanae
1096 1633 1497 1693 maritimaeque.
1566 1646 1682 1676 nam
1727 1633 1777 1675 in

297 1731 596 1779 Macedonia
647 1739 700 1778 et
752 1731 969 1778 Arcadia
1020 1735 1250 1794 circaque
1304 1731 1435 1777 Elim
1485 1737 1777 1794 permutant

294 1836 511 1888 nomina,
544 1850 636 1879 nec
669 1840 868 1879 constat
902 1833 1187 1878 auctoribus
1223 1832 1357 1894 quod
1390 1834 1568 1894 cuique
1603 1834 1776 1894 generi

295 1934 612 1987 adtribuant;
654 1950 743 1979 nos
768 1937 865 1979 ista
891 1933 1114 1978 Romano
1140 1934 1466 1978 discernimus
1490 1932 1689 1978 iudicio.

358 2035 512 2079 Abies
551 2051 577 2079 e
616 2037 806 2079 cunctis
847 2034 1150 2097 amplissima
1189 2040 1265 2079 est
1304 2040 1358 2078 et
1395 2031 1583 2078 femina
1621 2036 1775 2078 etiam

292 2134 544 2197 prolixior,
562 2137 775 2180 materie
794 2133 987 2179 mollior
1005 2134 1290 2196 utiliorque,
1309 2133 1483 2179 arbore
1501 2133 1776 2188 rotundior,

295 2234 410 2279 folio
442 2238 650 2297 pinnato
684 2235 841 2280 densa
874 2241 930 2280 ut
964 2235 1146 2280 imbres
1181 2251 1279 2279 non
1314 2237 1586 2290 tramittat,
1621 2241 1775 2296 atque

295 2332 492 2379 hilarior
533 2337 582 2378 in
624 2341 802 2379 totum.
873 2351 899 2380 e
942 2337 1089 2379 ramis
1130 2350 1375 2396 generum
1419 2332 1595 2379 horum
1635 2336 1775 2396 pani-

778 2466 793 2490 1
822 2467 1073 2506 Hermolaus
1093 2480 1112 2505 e
1135 2467 1338 2517 Theophr.

776 2519 792 2543 2
822 2521 926 2560 Edd.
949 2534 968 2560 e
991 2521 1195 2571 Theophr.

294 2597 383 2649 418
