1909 2998
564 214 808 259 PLINY:
873 212 1202 259 NATURAL
1247 212 1544 259 HISTORY

312 341 515 403 quidam
552 342 862 404 Aegyptiam
899 341 1047 386 ficum
1084 340 1257 386 dixere
1295 357 1460 387 errore
1497 340 1793 396 manifesto;

311 438 409 466 non
437 424 571 467 enim
597 424 647 466 in
674 422 914 484 Aegypto
941 423 1162 466 nascitur
1188 420 1277 466 sed
1303 423 1354 465 in
1381 419 1523 483 Syria
1552 420 1792 483 Ioniaque

312 508 364 546 et
388 503 519 547 circa
543 500 758 547 Cnidum
783 508 937 563 atque
962 504 1013 545 in
1039 499 1232 556 Rhodo,
1257 517 1457 563 semper
1479 501 1793 547 comantibus

311 579 456 636 foliis,
475 580 594 627 flore
612 580 826 627 candido
843 597 957 626 cum
975 579 1297 626 vehementia
1314 580 1494 636 odoris,
1510 580 1795 644 plantigera

310 663 420 706 imis
462 661 689 723 partibus
733 668 786 707 et
828 660 943 707 ideo
986 660 1246 724 superficie
1290 659 1579 716 flavescens,
1622 677 1794 707 sucum

311 740 574 786 auferente
630 741 818 787 subole.
885 758 1036 804 pomo
1092 740 1440 787 antecedentis
1496 743 1612 786 anni
1665 743 1795 786 circa

309 823 444 866 canis
490 827 626 866 ortus
672 821 903 867 detracto
947 824 1120 867 statim
1166 820 1381 867 alterum
1423 824 1574 884 parit,
1616 827 1795 884 postea

311 899 456 946 floret
478 917 570 964 per
593 908 866 956 arcturum,
889 900 1056 947 hieme
1080 900 1214 946 fetus
1241 903 1345 946 eius
1371 903 1643 947 nutriente.

227 987 279 1025 60
378 979 541 1026 XVII.
579 981 846 1044 Aegyptus
873 988 926 1027 et
948 997 1180 1044 perseam
1199 981 1218 1009 1
1244 981 1473 1026 arborem
1498 984 1572 1026 sui
1596 983 1795 1044 generis

311 1059 483 1116 habet,
541 1060 754 1107 similem
810 1064 936 1125 piro,
994 1059 1113 1106 folia
1170 1063 1493 1107 retinentem.
1562 1059 1794 1107 fertilitas

311 1140 520 1186 adsidua
550 1144 673 1196 eius,
703 1141 1041 1187 subnascente
1070 1144 1287 1187 crastino
1317 1140 1499 1196 fructu,
1529 1144 1794 1187 maturitas

312 1224 583 1266 etesiarum
626 1220 831 1267 adflatu.
899 1238 1105 1284 pomum
1146 1221 1342 1283 longius
1383 1224 1509 1284 piro,
1551 1220 1795 1267 inclusum

312 1301 610 1364 amygdalae
634 1304 896 1365 putamine
923 1308 975 1347 et
1000 1304 1133 1347 corio
1157 1301 1320 1347 colore
1345 1299 1572 1357 herbido,
1597 1301 1686 1347 sed
1710 1301 1794 1347 ubi

312 1397 413 1426 nux
444 1381 530 1436 illi,
561 1380 675 1427 huic
704 1398 921 1445 prunum
953 1380 1185 1427 differens
1215 1382 1466 1427 brevitate
1498 1398 1555 1427 ac
1585 1380 1796 1427 mollitia

313 1467 382 1515 et,
403 1464 626 1522 quamvis
646 1460 935 1508 blandiatur
954 1461 1234 1525 praedulcis
1254 1464 1490 1516 suavitas,
1509 1464 1793 1507 innocuum.

228 1547 274 1584 61
315 1544 551 1587 materies
580 1542 828 1597 bonitate,
859 1541 1183 1597 firmitudine,
1213 1544 1416 1604 nigritia
1446 1557 1645 1604 quoque
1675 1540 1795 1587 nihil

312 1619 544 1668 differens
567 1639 596 1667 a
616 1621 748 1676 lot03
788 1622 1051 1668 simulacra
1073 1629 1126 1668 et
1149 1638 1211 1668 ex
1233 1638 1294 1668 ea
1315 1621 1627 1668 factitavere.
1695 1638 1795 1667 non

313 1700 491 1747 eadem
524 1705 688 1765 gratia
721 1719 1026 1764 quamquam
1060 1701 1195 1748 fideli
1234 1704 1478 1748 materiae
1518 1718 1580 1747 ex
1620 1702 1794 1747 arbore

313 1797 463 1843 quam
487 1781 723 1827 balanum
749 1782 1124 1845 appellavimus,
1140 1798 1324 1844 magna
1344 1799 1406 1828 ex
1429 1788 1575 1845 parte
1601 1788 1796 1828 contor-

229 1867 279 1904 62
315 1868 396 1915 ta3
425 1862 610 1908 navalis
636 1865 807 1925 itaque
834 1870 1036 1909 tantum
1062 1869 1154 1908 est.
1222 1860 1415 1908 XVIII.
1456 1861 1527 1908 At
1547 1878 1574 1908 e
1600 1861 1794 1907 diverso

311 1944 418 1986 cuci
443 1945 493 1987 in
518 1959 701 2004 magno
726 1941 930 1998 honore,
948 1942 1146 2005 palmae
1172 1942 1360 1997 similis,
1386 1941 1586 2004 quando
1611 1949 1664 1988 et
1690 1944 1795 1987 eius

314 2020 440 2067 foliis
477 2029 689 2067 utuntur
726 2023 789 2068 ad
824 2022 1051 2077 textilia3
1106 2021 1273 2068 differt
1311 2022 1444 2084 quod
1479 2024 1531 2067 in
1565 2020 1796 2067 bracchia

312 2117 562 2147 ramorum
592 2106 856 2165 spargitur.
925 2119 1074 2165 pomo
1104 2102 1401 2164 magnitudo
1431 2119 1560 2164 quae
1590 2118 1792 2147 manum

684 2236 698 2259 ¹
730 2234 835 2274 Edd.
857 2248 876 2273 e
897 2233 1098 2284 Theophr.
1116 2250 1124 2273 :
1147 2234 1375 2273 Persicum.

705 2436 722 2453 ‘²
751 2430 839 2469 The
862 2430 911 2468 M
915 2430 1101 2479 imusops
1120 2428 1364 2479 Schimperi.

706 2483 721 2508 ὁ
751 2484 978 2535 Hyplzaene
1000 2483 1192 2523 thebaica.

302 2597 386 2641 134
