1909 2998
258 733 308 769 88

254 1374 305 1412 39

597 194 841 241 PLINY:
905 195 1236 242 NATURAL
1280 195 1577 243 HISTORY

342 324 391 370 id
418 341 443 369 a
468 326 790 370 conterminis
815 322 1005 369 vehunt
1026 339 1118 386 per
1140 325 1298 369 maria
1321 330 1464 370 vasta
1486 323 1678 370 ratibus
1702 341 1824 387 quas

343 421 506 466 neque
532 403 871 467 gubernacula
889 410 1071 465 regant
1095 419 1260 465 neque
1280 406 1406 449 remi
1424 403 1691 465 impellant
1710 404 1729 434 ¹
1747 404 1825 451 vel

342 483 551 529 trahant
568 483 587 512 ²
606 482 756 539 vela,3
776 500 874 528 non
895 486 1023 529 ratio
1043 483 1144 529 ulla
1164 483 1398 530 adiuvet:
1428 486 1649 529 omnium
1669 486 1826 531 instar

342 565 409 610 ibi
453 571 569 610 sunt
612 563 762 610 homo
806 571 1006 610 tantum
1051 570 1105 609 et
1149 562 1375 610 audacia.
1442 571 1711 627 praeterea
1753 563 1824 610 hi-

341 645 551 691 bernum
599 660 737 690 mare
785 642 1015 706 eligunt4
1058 646 1191 690 circa
1239 644 1488 699 brumam,
1535 647 1667 691 euris
1713 651 1822 691 tum

341 728 560 770 maxime
582 723 835 770 flantibus.
903 722 953 768 hi
974 731 1114 770 recto
1136 739 1281 770 cursu
1309 740 1401 786 per
1421 726 1556 770 sinus
1577 723 1824 788 inpellunt

341 812 494 868 atque
542 822 571 850 a
616 806 949 868 promunturii
991 805 1186 850 ambitu
1233 810 1465 866 argestae
1501 803 1738 851 deferunt
1773 808 1823 851 in

338 892 540 948 portum
578 885 978 931 Gebbanitarum
1015 886 1099 946 qui
1134 890 1341 930 vocatur
1376 883 1551 930 Ocilia.
1620 901 1824 948 quamo-

339 967 480 1012 brem
511 965 580 1010 illi
612 967 831 1011 maxime
865 964 917 1010 id
946 971 1149 1028 petunt,
1179 963 1502 1028 produntque
1533 966 1615 1010 vix
1648 967 1823 1027 quinto

339 1063 469 1091 anno
494 1048 678 1091 reverti
703 1047 1047 1108 negotiatores
1073 1051 1126 1090 et
1150 1043 1334 1090 multos
1359 1046 1583 1091 interire.
1649 1052 1823 1091 contra

337 1125 585 1172 revehunt
613 1128 774 1171 vitrea
802 1132 855 1171 et
884 1129 1027 1179 aena,
1057 1131 1242 1179 vestes,
1271 1123 1448 1170 fibulas
1477 1140 1591 1170 cum
1620 1124 1822 1171 armillis

338 1223 395 1252 ac
413 1206 679 1252 monilibus
696 1220 707 1260 ς
745 1221 865 1268 ergo
884 1207 1166 1268 negotiatio
1184 1204 1268 1250 illa
1286 1203 1586 1250 feminarum
1603 1207 1821 1252 maxime

339 1286 436 1332 fide
458 1293 672 1332 constat.

402 1367 516 1430 Ipse
533 1365 702 1412 frutex
718 1365 873 1412 duum
889 1366 1172 1411 cubitorum
1188 1364 1456 1411 altitudine
1473 1364 1819 1429 amplissimus,

336 1446 589 1510 palmique
615 1449 866 1501 minimus,
893 1453 1133 1508 quattuor
1161 1445 1435 1508 digitorum
1462 1445 1820 1500 crassitudinis,

336 1530 509 1573 statim
533 1543 563 1572 a
585 1534 719 1572 terra
744 1541 793 1571 vl
815 1526 986 1589 digitis
1011 1525 1308 1580 surculosus,
1332 1524 1472 1570 arido
1494 1525 1682 1580 similis,
1706 1541 1821 1571 cum

335 1610 463 1653 viret
498 1624 595 1653 non
631 1606 885 1661 odoratus,
921 1605 1039 1651 folio
1069 1608 1277 1668 origani,
1314 1607 1543 1652 siccitate
1577 1606 1818 1668 gaudens,

337 1687 550 1734 sterilior
578 1687 755 1742 imbre,
783 1686 1005 1732 caeduae
1035 1692 1263 1732 naturae.
1331 1687 1556 1748 gignitur
1582 1688 1633 1731 in
1659 1685 1819 1749 planis

336 1768 558 1830 quidem,
578 1767 667 1814 sed
688 1767 992 1813 densissimis
1013 1768 1064 1812 in
1083 1766 1317 1829 vepribus
1338 1765 1593 1828 tubisque,
1612 1765 1819 1812 difficilis

333 1848 561 1894 collectu.
626 1850 836 1893 metitur
857 1846 865 1861 ‘
891 1863 991 1892 non
1011 1849 1103 1892 nisi
1122 1848 1408 1910 permiserit
1426 1845 1550 1892 deus
1576 1844 1585 1859 ’
1607 1861 1619 1892 z
1647 1845 1819 1892 Iovem

334 1927 466 1974 hunc
526 1927 831 1990 intellegunt
893 1926 1063 1989 aliqui,
1125 1926 1428 1972 Assabinum
1489 1924 1559 1970 illi
1620 1933 1816 1973 vocant.

337 2023 446 2053 xmv
480 2009 631 2054 boum
666 2023 1029 2071 caprarumque
1063 2013 1116 2053 et
1155 2008 1371 2052 arietum
1415 2007 1545 2052 extis
1581 2007 1817 2069 impetra-

760 2152 770 2174 ¹
804 2149 1038 2190 Rackham:
1070 2148 1261 2189 trahant.

757 2206 771 2228 ²
801 2203 1035 2244 Rackham:
1067 2203 1304 2255 impellant.

751 2258 766 2281 ³
798 2258 891 2296 vela
913 2257 1109 2307 Mayhoff
1123 2272 1132 2296 ε
1163 2269 1250 2296 non
1270 2257 1377 2296 vela.

755 2312 771 2335 4
800 2312 964 2351 Dalm:
995 2311 1185 2361 exigunt.

808 2505 824 2523 ⁰
854 2498 968 2537 Near
989 2496 1061 2538 the
1083 2497 1261 2538 modern
1281 2495 1409 2538 Cella.
