1909 2998
211 425 261 463 18

212 957 259 994 19

208 1289 259 1328 20

209 1756 255 1793 21

541 157 785 205 PLINY:
851 158 1182 204 NATURAL
1229 157 1526 204 HISTORY

293 285 494 347 regibus
530 283 744 330 Persidis
778 301 805 331 e
840 288 1053 330 materia
1087 287 1193 331 eius
1225 292 1466 330 centenas
1499 284 1776 348 phalangas

292 355 446 397 tertio
469 368 667 414 quoque
691 368 821 397 anno
841 354 1121 414 pensitasse
1144 350 1424 414 Aethiopas
1445 368 1559 397 cum
1581 368 1700 397 auro
1723 359 1776 397 et

295 419 444 463 ebore
474 418 748 480 prodendo.
818 435 917 463 non
948 418 1287 464 omittendum
1316 417 1368 463 id
1399 434 1616 480 quoque,
1647 421 1777 464 vice-

293 501 381 530 nos
405 485 585 530 dentes
609 484 994 547 elephantorum
1016 484 1250 547 grandes,
1274 488 1510 546 quoniam
1531 488 1605 530 ita
1627 486 1777 546 signi-

294 551 477 605 ficavit,
500 550 776 613 Aethiopas
799 568 859 597 ea
879 551 942 597 de
964 567 1114 597 causa
1133 550 1356 615 pendere
1377 551 1564 597 solitos.
1631 558 1778 596 tanta

295 618 431 662 ebori
496 621 768 663 auctoritas
833 625 942 663 erat
1005 619 1139 663 urbis
1203 624 1404 663 nostrae
1454 633 1569 664 cccx
1619 633 1776 663 anno:

293 690 413 729 tunc
442 687 574 729 enim
602 692 775 729 auctor
800 684 881 730 ille
908 683 1167 730 historiam
1194 700 1307 730 eam
1331 684 1557 730 condidit
1581 683 1777 730 Thuriis

293 753 343 795 in
369 750 532 803 Italia,
557 768 654 812 quo
680 754 836 813 magis
860 753 1040 796 mirum
1064 758 1141 797 est
1165 750 1300 813 quod
1323 751 1488 796 eidem
1510 750 1778 805 credimus,

293 820 378 878 qui
412 815 604 862 Padum
637 834 838 863 amnem
870 817 1078 863 vidisset
1109 820 1364 863 neminem
1397 817 1461 864 ad
1492 816 1543 863 id
1573 824 1777 880 tempus

295 885 446 928 Asiae
507 884 852 945 Graeciaeque
912 887 1086 930 visum.
1168 887 1372 947 cognita
1396 884 1415 914 1
1473 882 1777 947 Aethiopiae

294 949 469 1004 forma,
524 958 580 996 ut
633 950 867 1001 diximus,
907 967 1068 1014 nuper
1121 950 1273 996 allata
1327 950 1513 996 Neroni
1566 953 1777 1013 principi

293 1033 455 1061 raram
474 1017 701 1062 arborem
724 1017 936 1063 Meroen
953 1034 1111 1080 usque
1129 1034 1158 1062 a
1175 1017 1340 1080 Syene
1359 1017 1457 1062 fine
1474 1020 1670 1080 imperii
1685 1033 1778 1080 per

296 1087 649 1132 m
695 1103 743 1147 p.
795 1084 1083 1146 nullamque
1120 1087 1213 1129 nisi
1248 1083 1529 1147 palmarum
1576 1086 1777 1146 generis

293 1167 401 1196 esse
450 1151 635 1197 docuit.
721 1151 836 1196 ideo
882 1150 1106 1197 fortassis
1153 1154 1204 1196 in
1249 1152 1428 1197 tributi
1473 1153 1776 1197 auctoritate

292 1220 446 1263 tertia
469 1234 546 1263 res
571 1217 723 1263 fuerit
746 1216 987 1263 hebenus.

360 1284 445 1329 IX.
492 1284 680 1330 Romae
738 1301 850 1330 eam
921 1284 1141 1346 Magnus
1198 1281 1466 1347 Pompeius
1521 1282 1777 1347 triumpho

296 1349 643 1396 Mithridatico
670 1350 907 1396 ostendit.
961 1350 1169 1397 accendi
1194 1350 1444 1396 Fabianus
1469 1357 1643 1413 negat,
1668 1352 1742 1395 uri
1760 1349 1778 1377 ²

292 1423 466 1462 tamen
499 1417 650 1463 odore
685 1418 915 1463 iucundo.
985 1418 1084 1463 duo
1118 1434 1308 1480 genera
1341 1420 1474 1463 eius:
1526 1433 1694 1463 rarum
1727 1415 1777 1461 id

293 1484 427 1545 quod
468 1484 662 1539 melius,
705 1485 985 1539 arboreum,
1010 1485 1200 1530 tereti³
1242 1491 1295 1530 et
1336 1484 1485 1530 enodi
1520 1486 1732 1529 materie
1757 1484 1778 1513 4

292 1553 420 1612 nigri
460 1551 736 1613 splendoris
778 1568 835 1597 ac
875 1551 954 1596 vel
994 1554 1100 1597 sine
1142 1557 1251 1596 arte
1289 1554 1518 1614 protinus
1558 1550 1778 1608 iucundi,

292 1617 507 1662 alterum
547 1617 841 1664 fruticosum
880 1621 1025 1680 cytisi
1065 1618 1215 1663 modo
1255 1625 1308 1663 et
1346 1624 1456 1663 tota
1498 1617 1643 1663 India
1681 1618 1776 1665 dis-

292 1701 509 1746 persum.

358 1751 419 1797 X.
460 1751 551 1796 Est
593 1751 660 1796 ibi
705 1758 758 1796 et
800 1753 942 1813 spina
989 1750 1160 1796 similis
1207 1750 1296 1796 sed
1343 1749 1657 1813 deprehensa
1700 1751 1776 1797 vel

293 1815 504 1863 lucernis
530 1820 632 1879 igni
655 1820 882 1880 protinus
907 1817 1236 1863 transiliente.

358 1948 372 1970 1
410 1947 486 1986 Ill.
509 1949 601 1985 visu
625 1949 713 1996 (aut
734 1952 783 1986 ut
803 1948 897 1994 sibi,
921 1953 994 1987 auc
1014 1952 1091 1986 aut
1112 1947 1211 1997 sibi)
1232 1948 1466 1998 cognitum.

354 2000 368 2023 2
401 2000 631 2040 Rackham:
664 2002 817 2040 uritur.

357 2054 371 2076 ³
401 2054 605 2105 Detlefsen
625 2070 632 2093 :
665 2056 754 2093 iure
775 2058 925 2105 (purae
949 2053 1153 2103 Madviy).

353 2108 369 2130 ⁴
406 2108 481 2147 ixl.
502 2108 649 2146 enodis
671 2110 889 2147 materiae.

345 2330 362 2347 ‘¹
392 2324 471 2361 446
502 2335 608 2370 B.c.;
649 2324 725 2362 but
746 2323 907 2368 Thurii,
931 2323 1068 2362 where
1097 2323 1344 2362 Herodotus
1372 2323 1529 2362 settled
1556 2327 1602 2362 to
1624 2336 1774 2374 escape

292 2376 401 2414 from
426 2376 614 2427 politieal
639 2377 849 2415 disorders
874 2380 919 2414 at
944 2376 1285 2422 Halicarnassus5
1311 2376 1375 2415 his
1396 2377 1544 2415 native
1565 2377 1667 2427 city,
1689 2390 1774 2415 was

293 2435 369 2468 not
388 2429 605 2468 colonized
626 2430 681 2480 by
702 2430 838 2468 Greek
857 2430 1027 2468 settlers
1047 2430 1113 2468 till
1133 2431 1213 2468 443
1236 2441 1319 2469 B.C.

346 2483 360 2508 ⁶
392 2484 414 2522 I
419 2498 479 2530 .e.‚
501 2484 773 2535 apparently,
796 2497 820 2521 a
842 2482 934 2522 thin
957 2483 1076 2523 sheet
1098 2483 1142 2523 of
1163 2482 1249 2522 this
1273 2482 1395 2522 wood
1416 2483 1450 2521 is
1472 2482 1750 2522 translucent.

303 2572 357 2614 14
