1909 2998
235 427 287 464 40

235 1080 282 1117 41

572 198 814 244 PLINY:
879 197 1208 244 NATURAL
1253 197 1550 245 HISTORY

320 326 597 381 utilissimo,
635 329 864 388 copiosae
906 329 955 370 in
996 325 1164 380 Creta,
1204 325 1292 371 sed
1331 328 1490 388 magis
1528 328 1580 370 in
1619 324 1796 371 Sicilia.

323 436 350 465 e
399 420 575 482 palmis
623 436 814 482 prunae
863 422 1056 465 vivaces
1105 421 1333 482 ignisque
1381 418 1562 465 lentus.
1631 417 1800 464 fructi-

319 511 536 558 ferarum
571 513 677 559 aliis
709 513 908 559 brevius
941 513 1133 574 lignum
1165 515 1216 557 in
1247 529 1415 575 pomo,
1449 511 1555 558 aliis
1587 511 1798 574 longius,

318 604 392 651 his
424 605 635 661 mollius,
667 605 760 652 illis
792 606 979 661 durius,
1012 605 1311 668 quibusdam
1343 622 1540 651 osseum
1569 604 1799 651 limarum

317 699 472 745 dente
521 707 696 746 contra
744 699 1048 745 fascinantes
1097 699 1338 762 religione
1385 698 1614 763 politum.
1667 699 1799 745 aliud

316 792 540 856 pluribus
568 797 808 839 vestitum
834 794 1212 856 paucioribusve
1241 795 1440 848 tunicis,
1468 791 1604 838 aliud
1630 795 1800 838 crassi-

318 887 483 932 oribus
535 888 925 933 tenuioribusve.
994 889 1066 932 ita
1119 886 1245 932 fiunt
1298 885 1801 948 undequinquaginta

317 996 521 1042 genera,
548 983 588 1026 si
615 984 723 1043 quis
751 983 972 1026 omnium
1010 982 1245 1043 persequi
1271 979 1392 1026 velit
1418 982 1621 1025 nomina
1645 982 1800 1026 etiam

320 1074 533 1120 barbara
563 1077 890 1136 vinorumque
922 1090 983 1120 ex
1014 1076 1072 1119 iis
1104 1072 1428 1119 differentias.
1497 1073 1800 1120 clarissimae

318 1170 556 1222 omnium,
621 1184 744 1230 quas
807 1170 971 1230 regias
1035 1166 1352 1230 appellavere
1416 1167 1480 1213 ob
1543 1165 1800 1223 honorem,

319 1263 554 1322 quoniam
577 1262 778 1324 regibus
802 1267 1004 1307 tantum
1029 1259 1245 1307 Persidis
1269 1261 1615 1316 servabantur,
1637 1259 1800 1324 Baby-

318 1353 431 1400 lone
455 1362 606 1401 natae
631 1372 730 1400 uno
753 1357 803 1400 in
826 1354 972 1401 horto
995 1354 1195 1417 Bagou:
1237 1357 1310 1400 ita
1333 1361 1514 1400 vocant
1537 1353 1800 1418 spadones,

319 1451 403 1510 qui
426 1448 560 1512 apud
582 1465 666 1494 eos
689 1451 845 1494 etiam
865 1465 1157 1512 regnavere.
1225 1447 1400 1494 hortus
1421 1447 1504 1494 ille
1527 1464 1800 1511 numquam

319 1544 413 1587 nisi
435 1541 741 1588 dominantis
764 1545 816 1588 in
841 1543 954 1589 aula
977 1541 1089 1588 fuit.

386 1636 458 1682 At
487 1639 537 1681 in
563 1636 838 1682 meridiano
867 1637 986 1682 orbe
1015 1639 1338 1700 praecipuam
1367 1638 1600 1700 optinent
1628 1635 1801 1682 nobili-

319 1735 481 1775 tatem
504 1733 670 1793 syagri
691 1733 1073 1793 proximamque
1096 1729 1420 1793 margarides.
1488 1728 1585 1776 hae
1606 1730 1800 1785 breves,

318 1823 580 1878 candidae,
618 1824 881 1879 rotundae,
919 1826 1071 1869 acinis
1109 1840 1260 1886 quam
1297 1823 1488 1869 balanis
1525 1823 1800 1878 similiores,

320 1932 473 1978 quare
505 1924 558 1963 et
588 1934 771 1963 nomen
802 1934 830 1962 a
860 1920 1142 1980 margaritis
1173 1933 1430 1980 accepere.
1500 1933 1599 1962 una
1630 1933 1800 1963 earum

321 2010 465 2055 arbor
500 2013 549 2055 in
575 2009 736 2056 Chora
762 2027 870 2056 esse
895 2011 1128 2066 traditur,
1153 2027 1253 2056 una
1290 2018 1342 2057 et
1375 2027 1685 2074 syagrorum‚
1709 2013 1798 2055 mi-

321 2119 531 2166 rumque
568 2104 632 2150 de
670 2121 729 2150 ea
770 2107 1056 2167 accipimus,
1089 2121 1202 2150 cum
1237 2103 1483 2167 phoenice
1521 2120 1629 2160 ave,
1666 2121 1796 2166 quae

320 2204 529 2259 putatur
548 2214 609 2243 ex
629 2196 774 2243 huius
792 2197 990 2260 palmae
1011 2205 1310 2260 argumento
1328 2214 1512 2243 nomen
1531 2201 1798 2260 accepisse,

323 2292 578 2337 intermori
609 2307 665 2337 ac
695 2294 887 2337 renasci
918 2308 979 2337 ex
1011 2295 1192 2354 seipsa,
1223 2298 1451 2354 eratque,
1481 2307 1594 2337 cum
1622 2290 1800 2354 prode-

374 2472 391 2490 ‘2
419 2465 508 2505 The
544 2465 745 2506 fabulous
786 2466 879 2505 bird
918 2466 1028 2505 from
1063 2466 1224 2506 Arabia
1264 2466 1547 2517 (Herodotus)
1587 2479 1635 2506 οι·
1672 2466 1798 2506 India

324 2519 673 2570 (Philostratus):
704 2520 852 2571 φοῖνιξ,
877 2525 885 2540 ‘
903 2520 1173 2571 date-palm!

327 2610 409 2640 122
