1909 2998
212 780 263 819 23

214 1316 267 1356 24

216 1852 268 1891 25

546 187 791 233 PLINY:
856 185 1186 232 NATURAL
1231 184 1528 231 HISTORY

291 319 607 379 praecipuae.
677 331 739 360 ex
784 313 859 359 his
904 316 1065 359 minor
1109 320 1277 358 austro
1320 311 1554 367 laeditur,
1596 314 1776 358 ceteris

293 395 455 438 ventis
498 392 664 446 alitur,
707 398 764 436 ut
807 394 857 435 in
901 390 1116 435 Vesuvio
1158 396 1331 435 monte
1374 388 1776 450 Surrentinisque

292 468 526 522 collibus;
575 471 626 512 in
657 467 859 529 reliquis
895 466 1074 511 Italiae
1105 466 1331 529 partibus
1363 482 1462 510 non
1493 467 1586 510 nisi
1616 465 1777 510 arbori

294 544 686 590 accommodata.
734 546 964 605 quintum
1013 558 1171 604 genus
1229 541 1458 595 lanatae;
1514 557 1577 586 ne
1634 539 1778 587 Seras

294 624 531 667 miremur
562 628 650 666 aut
685 620 834 665 Indos
867 620 1012 674 adeo,
1039 619 1221 681 lanugo
1247 635 1359 664 eam
1384 621 1551 663 vestit.
1620 620 1780 680 prima

295 715 358 744 ex
381 699 638 743 Aminaeis
662 699 957 742 maturescit
979 698 1308 757 ocissimeque
1332 697 1593 757 putrescit.

361 773 594 820 Proxima
641 774 860 836 dignitas
910 772 1240 818 Nomentanis
1288 772 1503 817 rubente
1552 774 1780 830 materia,

297 858 605 914 quapropter
667 850 871 912 quidam
935 848 1151 894 rubellas
1215 847 1531 911 appellavere
1594 851 1779 894 vineas.

296 927 390 973 hae
424 931 585 973 minus
618 926 828 981 fertiles,
861 928 1078 971 vinaceis
1112 932 1165 971 et
1199 924 1341 971 faece
1375 927 1576 980 nimiae,
1608 932 1782 971 contra

295 1007 497 1068 pruinas
547 1003 865 1058 fortissimae,
915 1005 1145 1048 siccitate
1195 1004 1354 1064 magis
1405 1018 1555 1063 quam
1606 1002 1782 1057 imbre,

298 1088 442 1127 aestu
467 1097 617 1143 quam
643 1079 811 1142 algore
846 1086 1124 1132 vexantur3
1164 1078 1491 1140 quamobrem
1515 1080 1567 1123 in
1591 1076 1782 1141 frigidis

297 1157 576 1220 umidisque
589 1160 925 1220 principatum
940 1156 1187 1201 obtinent.
1256 1153 1466 1200 fertilior
1480 1171 1609 1217 quae
1623 1158 1784 1200 minor

297 1237 439 1280 acino
462 1242 515 1280 et
536 1233 654 1279 folio
675 1236 826 1279 scissa
847 1235 1027 1278 minus.

363 1311 570 1373 Apianis
604 1327 724 1373 apes
757 1309 946 1356 dedere
979 1325 1277 1372 cognomen,
1308 1311 1578 1372 praecipue
1611 1325 1783 1354 earum

300 1387 491 1433 avidae.
561 1404 623 1433 ex
661 1390 719 1431 iis
757 1387 856 1432 duo
893 1402 1082 1448 genera
1118 1385 1355 1448 lanugine
1395 1392 1448 1431 et
1486 1387 1592 1446 ipsa
1627 1385 1784 1448 pube·

299 1471 472 1518 scunt3
547 1464 738 1510 distant
797 1462 930 1525 quod
989 1462 1148 1508 altera
1204 1462 1415 1508 celerius
1473 1464 1784 1517 maturescit,

300 1557 604 1603 quamquam
643 1547 695 1586 et
734 1540 893 1585 altera
930 1545 1250 1602 properante.
1319 1541 1443 1584 situs
1482 1537 1651 1601 frigidi
1687 1537 1784 1583 iis1

301 1634 399 1662 non
449 1624 770 1680 respuuntur,
822 1623 875 1662 et
925 1623 1099 1662 tamen
1150 1615 1315 1661 nullae
1365 1614 1575 1661 celerius
1626 1615 1784 1660 imbre

299 1701 610 1756 putrescunt.
681 1696 794 1738 vina
836 1695 997 1756 primo
1040 1691 1205 1737 dulcia
1248 1695 1600 1737 austeritatem
1644 1694 1785 1737 annis

301 1773 566 1833 accipiunt.
636 1770 839 1815 Etruria
863 1769 998 1815 nulla
1025 1772 1183 1831 magis
1209 1772 1311 1814 vite
1338 1768 1544 1831 gaudet.

366 1847 433 1893 Et
460 1846 703 1893 hactenus
730 1849 990 1910 potissima
1017 1845 1250 1891 nobilitas
1278 1845 1428 1890 datur
1452 1844 1785 1908 peculiaribus

302 1929 455 1985 atque
475 1923 751 1969 vernaculis
774 1922 980 1968 Italiae:
1018 1930 1221 1968 ceterae
1242 1921 1506 1967 advenere.
1577 1937 1603 1966 e
1625 1922 1643 1950 2
1663 1920 1786 1966 Chio

300 1999 526 2046 Thasove
568 1999 815 2045 Graecula
856 2015 955 2044 non
997 1997 1201 2043 inferior
1242 1998 1499 2043 Aminaeis
1540 1998 1786 2053 bonitate,

640 2113 655 2137 ¹
687 2113 737 2151 M
740 2111 884 2162 ayhoff
898 2126 907 2150 ε
939 2111 1118 2162 frigidus
1138 2116 1211 2149 aut
1232 2111 1419 2162 frigidos.

639 2166 654 2190 ²
684 2180 706 2204 e
726 2165 819 2205 add.
843 2165 1092 2204 Pintianus.

364 2342 382 2360 ‘²
412 2337 448 2375 A
468 2336 680 2376 reference
705 2341 752 2375 to
774 2335 930 2374 Indian
959 2339 1107 2374 cotton
1128 2334 1214 2373 and
1241 2333 1418 2374 Chinese
1442 2334 1537 2381 silk,
1558 2334 1633 2373 the
1658 2334 1788 2374 latter

308 2391 429 2430 often
448 2390 665 2441 supposed
687 2394 733 2428 to
756 2389 807 2427 be
828 2401 853 2426 a
875 2388 979 2427 wool
1006 2388 1213 2427 obtained
1235 2388 1345 2427 from
1365 2392 1490 2427 trees.

362 2444 377 2468 ⁶
406 2443 625 2494 Probably
672 2442 747 2481 the
800 2442 1011 2481 muscatel
1059 2441 1234 2490 (named
1282 2442 1392 2480 from
1440 2453 1599 2488 musca,
1642 2453 1668 2479 a
1713 2441 1784 2492 fly,

309 2497 527 2537 attracted
550 2497 606 2548 by
628 2496 684 2535 its
705 2498 967 2545 sweetness).

309 2589 396 2619 200
