1909 2998
562 214 771 260 PLINY
795 230 806 260 :
870 212 1200 260 NATURAL
1245 212 1542 259 HISTORY

210 350 280 388 101
374 343 660 389 Proximum
709 341 765 388 fit
814 357 841 387 e
888 340 1009 387 milii
1055 343 1245 387 semine
1293 343 1477 386 maturi
1523 356 1636 386 cum
1682 343 1789 403 ipsa

307 433 491 495 stipula
535 432 712 478 libram
758 431 1091 494 quadrantem
1133 433 1186 476 in
1227 433 1428 493 congios
1471 430 1594 476 duos
1637 433 1789 477 musti

307 530 561 569 macerato
597 529 647 568 et
681 529 794 584 post
828 524 1100 583 septimum
1133 536 1358 566 mensem
1390 520 1657 566 transfuso.
1726 537 1788 567 ex

306 613 410 659 loto
446 613 639 668 arbore,
674 611 872 667 frutice,
906 610 1064 657 herba
1098 610 1289 657 dictum
1326 617 1402 656 est
1437 610 1522 656 ubi
1559 627 1788 674 quaeque

306 703 498 749 fierent.

207 799 285 839 102
373 794 522 839 Fiunt
552 800 604 839 et
634 810 661 839 e
690 795 849 854 pomis
880 808 1009 854 quae
1037 791 1261 838 dicemus
1289 791 1788 853 interpretationibus

307 900 407 930 non
429 887 521 929 nisi
544 886 834 929 necessariis
859 882 1061 937 additis,
1084 884 1402 944 primumque
1426 897 1454 927 e
1474 881 1669 943 palmis,
1692 899 1790 944 quo

308 972 497 1028 Parthi,
530 973 641 1019 Indi
673 979 884 1019 utuntur
916 980 969 1018 et
1000 975 1162 1018 oriens
1193 978 1349 1026 totus,
1380 974 1635 1017 mitiorum
1667 989 1790 1034 quas

308 1071 487 1110 vocant
541 1063 793 1126 chydaeas
847 1063 1014 1108 modio
1069 1065 1120 1107 in
1175 1078 1336 1124 aquae
1391 1065 1577 1124 congiis
1631 1062 1790 1108 tribus

307 1161 562 1200 macerato
585 1169 937 1216 expressoque.
1005 1156 1073 1198 sic
1098 1152 1153 1198 fit
1177 1158 1229 1198 et
1251 1154 1434 1214 sycites
1459 1167 1485 1197 e
1508 1151 1616 1207 fico,
1639 1168 1789 1214 quem

307 1243 390 1290 alii
422 1242 801 1306 pharnuprium,
836 1242 920 1288 alii
955 1241 1152 1288 trochin
1186 1248 1395 1296 vocant3
1449 1248 1537 1287 aut
1571 1244 1612 1288 si
1647 1242 1791 1289 dulce

310 1350 418 1381 esse
464 1350 564 1380 non
607 1333 783 1387 libeat,
827 1349 916 1395 pro
963 1348 1094 1394 aqua
1137 1331 1442 1378 tantundem
1487 1335 1790 1378 vinaciorum

306 1424 532 1471 adicitur.
602 1440 629 1469 e
674 1423 858 1485 Cypria
903 1422 994 1469 fico
1040 1429 1093 1468 et
1137 1428 1338 1468 acetum
1384 1422 1440 1467 fit
1482 1421 1789 1484 praecellens

209 1521 285 1560 103
309 1522 463 1577 atque
499 1513 841 1560 Alexandrino
878 1529 1078 1576 quoque
1113 1511 1306 1558 melius.
1375 1515 1544 1558 Vinum
1580 1512 1637 1559 fit
1674 1519 1726 1559 et
1763 1530 1790 1559 e

307 1605 484 1667 siliqua
539 1604 741 1667 Syriaca
797 1610 849 1650 et
906 1620 934 1649 e
988 1606 1105 1665 piris
1160 1602 1508 1665 malorumque
1562 1603 1790 1649 omnibus

305 1694 728 1758 generibus—sed
784 1710 811 1740 e
877 1693 1073 1740 Punicis
1137 1691 1340 1739 rhoiten
1398 1700 1701 1739 vocant—et
1762 1710 1789 1740 e

307 1789 483 1841 cornis,
519 1784 756 1847 mespilis,
794 1784 967 1839 sorbis,
1003 1786 1152 1829 moris
1188 1786 1345 1838 siccis,
1381 1782 1566 1829 nucleis
1603 1786 1790 1845 pineis;

306 1875 357 1921 hi
403 1882 570 1922 musto
616 1874 808 1921 madidi
865 1877 1231 1936 exprimuntur,
1275 1876 1530 1935 superiora
1586 1889 1677 1935 per
1736 1890 1790 1920 se

211 1973 288 2012 104
310 1969 468 2012 mitia.
541 1969 785 2028 myrtiten
811 1964 939 2011 Cato
966 1963 1391 2026 quemadmodum
1426 1963 1531 2009 fieri
1565 1963 1790 2011 docuerit

307 2073 423 2102 mox
476 2055 625 2118 paulo
675 2055 1019 2102 indicabimus.
1108 2053 1288 2100 Graeci
1345 2060 1398 2099 et
1457 2052 1554 2100 alio
1614 2054 1790 2101 modo:

306 2149 455 2192 ramis
487 2149 674 2192 teneris
709 2162 822 2191 cum
850 2148 948 2190 suis
976 2144 1103 2190 foliis
1130 2146 1181 2189 in
1207 2143 1335 2190 salso
1361 2150 1527 2190 musto
1554 2143 1789 2201 decoctis,

307 2240 483 2291 tunsis,
509 2235 692 2282 libram
717 2238 768 2280 in
792 2235 950 2281 tribus
984 2237 1137 2280 musti
1169 2236 1356 2297 congiis
1393 2233 1789 2281 defervefaciunt

308 2327 466 2372 donec
509 2326 608 2371 duo
652 2328 917 2386 supersint.
987 2324 1121 2386 quod
1168 2326 1240 2370 ita
1286 2340 1315 2370 e
1354 2322 1590 2370 silvestris
1637 2328 1788 2387 myrti

770 2529 788 2547 ⁰
819 2521 933 2567 ‘P0'a‚
956 2527 967 2542 ‘
982 2520 1318 2574 pomegranate.’

313 2612 402 2660 254
