1909 2998
261 978 313 1017 40

262 1541 309 1579 41

600 186 845 233 PLINY:
909 185 1239 232 NATURAL
1284 184 1582 231 HISTORY

348 332 447 362 non
508 321 627 360 ante
689 313 1018 359 demetuntur
1080 329 1230 374 quam
1291 312 1551 375 gelaverit.
1621 311 1831 359 Pariana

346 408 573 472 gaudent
607 406 769 462 Pisae,
806 407 1010 452 Mutina
1043 404 1300 451 Perusinia
1333 409 1474 468 nigro
1508 408 1668 462 acino,
1700 410 1831 454 intra

348 502 732 565 quadriennium
762 499 1052 546 albescente
1082 502 1211 545 vino.
1279 502 1460 545 mirum
1489 499 1557 544 ibi
1586 516 1699 546 cum
1728 500 1830 547 sole

346 597 615 658 circumagi
662 610 809 639 uvam
845 610 975 656 quae
1011 593 1074 638 ob
1110 592 1161 638 id
1195 595 1401 656 streptis
1435 599 1658 649 vocatur,
1694 600 1747 639 et
1781 596 1831 639 in

349 690 497 736 Italia
534 687 778 734 Gallicam
813 687 1031 751 placere,
1068 693 1206 732 trans
1243 685 1385 750 Alpis
1423 702 1539 732 vero
1578 684 1828 733 Picenam.

346 783 475 829 dixit
498 781 746 844 Vergilius
769 780 976 826 Thasias
1001 787 1054 826 et
1081 779 1393 826 Mareotidas
1419 786 1472 825 et
1497 779 1693 843 Lageas
1716 797 1831 826 con-

345 877 598 942 plurisquc
625 882 878 930 externas,
904 890 1033 936 quae
1058 890 1157 918 non
1181 875 1501 937 reperiuntur
1524 876 1573 918 in
1601 873 1764 919 Italia.

410 970 510 1017 Sed
529 976 646 1016 sunt
666 971 944 1015 etiamnum
964 970 1182 1030 insignes
1204 984 1316 1022 uva,
1336 983 1434 1012 non
1454 970 1596 1012 vino:
1636 967 1831 1013 ambro-

346 1067 417 1111 sia
443 1081 470 1110 e
495 1063 743 1109 duracinis
779 1062 906 1125 (sine
942 1060 1052 1106 ullis
1087 1063 1215 1106 vasis
1250 1063 1301 1105 in
1336 1063 1438 1106 vite
1474 1060 1728 1106 servabilis
1748 1060 1831 1095 1——

345 1166 491 1205 tanta
546 1163 625 1202 est
679 1162 854 1202 contra
909 1153 1112 1217 frigora,
1167 1161 1336 1200 aestus
1392 1160 1830 1217 tempestatesque

347 1253 553 1298 firmitas
570 1264 581 1304 ;
618 1266 711 1296 nec
730 1247 1109 1313 [orthampelos]
1126 1247 1145 1276 2
1169 1247 1364 1310 indiget
1384 1248 1560 1293 arbore
1581 1254 1670 1294 aut
1686 1247 1830 1311 palis,

344 1349 452 1410 ipsa
475 1361 528 1391 se
553 1346 819 1399 sustinens,
840 1359 940 1388 non
964 1344 1089 1388 item
1108 1340 1390 1404 dactylides
1417 1340 1613 1404 digitali
1637 1341 1831 1404 gracili-

345 1438 492 1501 tate),
519 1437 833 1484 columbinae
866 1453 895 1481 a
926 1434 1235 1491 racemosis,3
1269 1441 1322 1480 et
1354 1438 1515 1498 magis
1546 1451 1829 1498 purpureae

345 1534 640 1596 cognomine
662 1531 983 1577 bimammiae
1008 1529 1209 1592 quando
1231 1545 1331 1574 non
1353 1544 1577 1575 racemos
1600 1528 1690 1574 sed
1711 1545 1830 1574 uvas

345 1627 465 1673 alias
495 1632 697 1689 gerunt,
726 1628 852 1670 item
881 1623 1181 1686 tripedanea
1211 1625 1290 1668 cui
1322 1638 1506 1668 nomen
1537 1638 1566 1667 a
1596 1638 1831 1668 mensura

346 1728 441 1776 est,
463 1723 589 1766 item
610 1717 824 1782 scirpula
844 1733 992 1780 passo
1016 1720 1158 1762 acino
1182 1723 1235 1762 et
1259 1715 1468 1761 Raetica
1491 1718 1542 1760 in
1564 1717 1828 1762 maritimis

345 1814 556 1878 Alpibus
594 1812 865 1877 appellata,
901 1810 1149 1856 dissimilis
1186 1809 1423 1855 laudatae
1459 1808 1556 1863 illi;
1612 1825 1828 1872 namque

345 1908 470 1954 haec
501 1907 682 1962 brevis,
715 1904 943 1952 conferta
976 1907 1135 1959 acino,
1168 1903 1393 1966 degener
1424 1905 1556 1958 vino,
1589 1901 1679 1948 sed
1711 1909 1828 1949 cute

346 2004 567 2049 omnium
592 2001 905 2054 tenuissima,
929 1997 1106 2044 nucleo
1133 1996 1286 2059 (quod
1311 1995 1477 2042 chium
1501 1995 1703 2058 vocant)
1729 2012 1828 2042 uno

346 2113 403 2142 ac
443 2097 666 2150 minimo,
707 2095 905 2139 acinum
944 2090 1313 2155 praegrandem
1354 2106 1509 2135 unum
1550 2089 1827 2136 alterumve

343 2189 549 2235 habens.
619 2194 696 2233 est
734 2193 786 2232 et
822 2188 963 2248 nigra
1001 2186 1232 2239 Aminea,
1260 2186 1339 2229 cui
1375 2182 1607 2246 Syriacae
1644 2199 1827 2229 nomen

345 2287 609 2347 inponunt,
634 2284 757 2327 item
784 2280 1009 2342 Hispana
1034 2277 1325 2340 ignobilium
1350 2277 1715 2340 probatissima.

815 2400 831 2423 1
868 2398 946 2437 VJ.
967 2401 1178 2436 servatur.

816 2452 832 2475 ²
862 2451 991 2490 Gloss.
1015 2450 1210 2489 Mueller.

819 2506 834 2528 ³
870 2505 948 2545 V.l.
969 2503 1330 2543 racemosissimis.

351 2600 436 2632 212
