1940 2998
611 198 856 245 PLINY:
920 199 1250 245 NATURAL
1296 199 1593 245 HISTORY

364 325 509 371 flatus
555 342 754 388 quoque
796 328 1029 389 pervicax
1074 325 1225 371 libra:
1289 329 1473 389 quippe
1518 343 1618 372 non
1662 327 1841 374 eadem

361 422 523 482 gratia
585 419 811 482 Belgicis.
880 418 1003 465 haec
1067 426 1120 465 et
1184 419 1391 465 Creticis
1454 420 1841 482 commendatio,

362 513 589 558 omnibus
602 512 620 541 1
636 529 940 575 quamquam
954 511 1308 575 praeferuntur
1326 512 1503 569 Indici,
1519 530 1727 576 quorum
1747 514 1842 559 alia

363 606 659 668 quibusdam
680 606 877 651 videtur
896 613 1092 661 natura,
1113 606 1313 668 quando
1333 613 1385 652 et
1404 606 1661 652 hastarum
1681 610 1840 653 vicem

257 705 334 744 162
356 700 603 762 praebent
636 699 820 745 additis
853 699 1154 763 cuspidibus.
1223 698 1487 745 harundini
1523 700 1726 762 quidem
1762 701 1841 746 In-

256 1360 330 1399 163

251 2295 328 2334 164

361 793 502 838 dicae
548 793 755 839 arborea
799 793 1095 856 amplitudo,
1139 793 1311 855 quales
1356 793 1504 856 vulgo
1547 796 1598 838 in
1641 794 1840 857 templis

361 886 600 932 videmus.
668 885 864 932 differre
900 903 1062 932 mares
1102 903 1158 932 ac
1194 885 1404 933 feminas
1443 889 1494 932 in
1532 885 1605 933 his
1643 904 1840 950 quoque

365 980 475 1026 Indi
513 979 748 1026 tradunt:
804 983 1004 1043 spissius
1044 983 1168 1025 mari
1206 997 1401 1044 corpus,
1440 979 1658 1027 feminae
1696 997 1842 1044 capa-

360 1076 478 1119 cius.
546 1076 955 1137 navigiorumque
1021 1077 1175 1119 etiam
1239 1076 1398 1119 vicem
1460 1081 1738 1137 praestant,
1802 1078 1840 1121 si

360 1166 623 1223 credimus,
643 1167 837 1230 singula
855 1167 1153 1213 internodia.
1221 1169 1351 1213 circa
1370 1167 1620 1213 Acesinen
1641 1184 1838 1214 amnem

361 1264 578 1306 maxime
602 1264 835 1306 nascitur.

420 1354 661 1400 Harundo
704 1357 861 1400 omnis
907 1371 968 1400 ex
1014 1371 1113 1400 una
1155 1357 1310 1417 stirpe
1356 1371 1637 1410 numerosa,
1682 1362 1836 1418 atque

361 1451 515 1493 etiam
539 1450 695 1494 recisa
720 1447 980 1494 fecundius
1006 1451 1236 1510 resurgit.
1304 1447 1444 1493 radix
1473 1455 1652 1494 natura
1678 1451 1839 1504 vivax,

359 1541 644 1604 geniculata
698 1549 750 1587 et
802 1544 923 1604 ipsa.
992 1541 1109 1586 folia
1164 1541 1346 1587 Indicis
1399 1548 1600 1587 tantum
1652 1542 1839 1597 brevia,

359 1635 586 1681 omnibus
637 1651 753 1681 vero
804 1652 832 1680 a
883 1635 1013 1681 nodo
1063 1651 1172 1680 orsa
1221 1634 1469 1697 conplexu
1518 1642 1699 1681 tenues
1747 1652 1838 1699 per

360 1729 604 1774 ambitum
627 1728 870 1774 inducunt
896 1731 1105 1784 tunicas,
1130 1736 1282 1790 atque
1309 1745 1337 1773 a
1362 1727 1528 1774 medio
1551 1729 1836 1774 internodio

358 1839 471 1868 cum
526 1821 795 1885 plurimum
852 1822 1087 1868 desinunt
1144 1824 1326 1867 vestire
1382 1822 1834 1885 procumbuntque.

360 1915 518 1961 latera
537 1914 800 1961 harundini
819 1915 1111 1977 calamoque
1132 1918 1182 1960 in
1202 1914 1669 1970 rotunditate·bina,
1689 1933 1837 1979 super

360 2009 513 2054 nodos
543 2008 736 2054 alterno
764 2025 962 2072 semper
990 2011 1211 2071 inguine,
1240 2016 1297 2054 ut
1326 2008 1539 2054 alterurn
1568 2025 1597 2053 a
1625 2008 1836 2055 dextera

360 2102 464 2157 fiat,
498 2101 712 2148 alterum
746 2104 998 2165 superiore
1032 2101 1262 2165 geniculo
1296 2102 1358 2147 ab
1392 2101 1534 2148 laeva
1565 2119 1656 2165 per
1689 2106 1832 2149 vices.

358 2195 474 2241 inde
500 2202 689 2241 exeunt
712 2195 980 2258 aliquando
1003 2199 1124 2241 rami
1151 2199 1232 2257 qui
1258 2203 1375 2241 sunt
1396 2195 1573 2241 calami
1597 2203 1790 2242 tenues.

415 2288 594 2334 LXVI.
628 2287 774 2334 Plura
789 2296 958 2334 autem
975 2305 1176 2351 genera.
1216 2288 1311 2334 alia
1327 2291 1525 2352 spissior
1536 2288 1833 2352 densiorque

356 2382 613 2445 geniculis,
639 2383 870 2427 brevibus
895 2382 1205 2437 internodiis,
1230 2382 1326 2427 alia
1363 2385 1514 2428 rarior
1548 2383 1832 2437 maioribus,

526 2506 538 2529 ¹
572 2505 722 2555 Silliq:
755 2505 1200 2544 commendationibus
1220 2510 1292 2544 aut
1313 2506 1639 2545 commendatis.

355 2596 441 2638 492
