1909 2998
583 205 793 251 PLINY
817 221 828 252 ε
892 205 1221 252 NATURAL
1267 205 1563 252 HISTORY

329 331 537 378 delubra
568 330 785 378 habetur
817 331 1028 389 Quirini,
1060 331 1154 378 hoc
1187 339 1265 378 est
1296 335 1449 395 ipsius
1482 331 1694 378 Romuli.
1761 335 1812 378 in

329 448 390 478 eo
424 448 592 478 sacrae
629 431 768 478 fuere
805 435 956 494 myrti
992 432 1122 478 duae
1159 438 1277 478 ante
1314 431 1495 478 aedem
1528 435 1689 495 ipsam
1721 448 1812 495 per

328 531 532 595 longum
584 539 803 595 tempus,
857 532 1016 578 altera
1065 535 1279 595 patricia
1331 531 1601 595 appellata,
1654 531 1812 578 altera

232 637 303 676 121
330 632 544 695 plebeia.
611 635 824 695 patricia
853 632 1023 678 multis
1055 635 1194 678 annis
1223 631 1502 696 praevaluit
1533 632 1812 678 exuberans

329 748 386 778 ae
405 732 569 786 laeta;
607 732 847 795 quamdiu
867 739 1072 778 senatus
1093 748 1292 795 quoque
1314 731 1498 788 floruit,
1516 731 1599 777 illa
1617 735 1811 795 ingens,

327 832 527 895 plebeia
596 832 843 878 retorrida
912 849 968 878 ac
1038 832 1278 896 squalida.
1348 849 1476 895 quae
1545 839 1811 896 postquam

329 933 515 978 evaluit
540 931 843 978 flavescente
868 936 1097 996 patricia,
1123 949 1152 978 a
1180 932 1397 978 Marsico
1422 932 1553 986 bello
1577 932 1812 995 languida

329 1035 598 1078 auctoritas
625 1039 828 1096 patrum
856 1032 991 1078 facta
1020 1039 1114 1088 est,
1143 1049 1200 1078 ac
1227 1032 1472 1096 paulatim
1500 1035 1551 1077 in
1578 1031 1811 1078 sterilita-

327 1139 434 1178 tem
488 1136 730 1178 emarcuit
783 1135 1034 1179 maiestas.
1120 1135 1241 1194 quin
1288 1140 1341 1178 et
1395 1148 1479 1177 ara
1526 1139 1670 1178 vetus
1718 1131 1812 1178 fuit

328 1232 510 1278 Veneri
539 1231 793 1295 Myrteae‚
818 1249 968 1295 quam
994 1249 1123 1278 nunc
1150 1231 1399 1278 Murciam
1423 1239 1618 1278 vocant.

231 1338 307 1377 122
394 1331 658 1379 XXXVII.
699 1332 825 1378 Cato
845 1336 942 1378 tria
961 1349 1149 1396 genera
1171 1336 1322 1396 myrti
1342 1332 1581 1396 prodidit,
1601 1335 1811 1395 nigram,

327 1433 611 1488 candidam,
643 1433 978 1495 coniugulam,
1015 1432 1236 1479 fortassis
1274 1450 1303 1478 a
1337 1435 1595 1496 coniugiis,
1631 1449 1694 1479 ex
1729 1432 1811 1478 illo

330 1532 595 1579 Cluacinae
615 1548 831 1596 genere3
865 1549 995 1579 nunc
1023 1541 1076 1579 et
1102 1533 1198 1579 alia
1223 1533 1478 1579 distinctio
1507 1536 1697 1579 sativae
1724 1541 1811 1579 aut

327 1633 561 1679 silvestris
589 1640 642 1679 et
667 1636 717 1678 in
744 1640 957 1696 utraque
984 1632 1256 1688 latifoliae3
1300 1636 1351 1678 in
1377 1633 1589 1679 silvestri
1612 1636 1811 1698 propria

329 1736 663 1796 oxymyrsine.
709 1737 979 1780 sativarum
995 1750 1184 1797 genera
1204 1737 1403 1796 topiarii
1423 1733 1613 1780 faciunt
1628 1734 1811 1780 Taren-

329 1836 487 1879 tinam
525 1833 641 1879 folio
678 1837 889 1889 minuto,
926 1840 1204 1880 nostratem
1240 1833 1431 1896 patulo,
1466 1832 1810 1880 hexasticham

327 1933 636 1989 densissimo,
662 1937 792 1980 senis
819 1934 1047 1979 foliorum
1073 1935 1308 1979 versibus.
1377 1933 1500 1980 haec
1525 1950 1624 1980 non
1655 1941 1731 1980 est
1760 1937 1809 1979 in

329 2050 437 2088 usu,
469 2050 664 2079 ramosa
701 2041 852 2096 atque
884 2050 983 2079 non
1017 2034 1156 2080 alta.1
1226 2034 1542 2097 coniugulam
1581 2037 1810 2080 existimo

231 2138 305 2177 123
331 2150 460 2179 nunc
486 2141 764 2180 nostratem
784 2134 897 2180 dici.
967 2142 1159 2197 myrtus
1185 2133 1530 2180 odoratissima
1554 2135 1807 2198 Aegypto.

392 2260 406 2284 ¹
437 2264 568 2310 atque
588 2261 618 2297 fi
640 2265 707 2311 (=
726 2261 828 2307 non)
851 2260 940 2299 alta
972 2260 1187 2311 Mayhosf:
1219 2264 1354 2311 utque
1382 2261 1426 2300 in
1455 2261 1539 2300 alia
1568 2262 1736 2312 (utique
1765 2262 1808 2300 in

334 2313 462 2351 Italia
479 2314 636 2363 Silliq).

590 2521 608 2538 ‘³
636 2515 698 2553 De
719 2516 777 2555 Re
797 2516 981 2562 Rustica,
1006 2516 1128 2555 VIII.
1153 2517 1191 2563 2,
1214 2515 1467 2555 CXXXIII.
1491 2517 1529 2557 2.

334 2602 423 2647 370
