1909 2998
565 177 806 222 PLINY:
871 175 1200 222 NATURAL
1244 174 1541 221 HISTORY

311 304 509 366 digerit.
578 320 749 349 eorum
769 320 896 365 quae
916 319 1014 348 non
1034 302 1212 348 florent
1229 309 1402 365 partus
1422 309 1622 348 tantum
1642 308 1717 348 est
1736 306 1788 346 et

220 397 296 435 102
318 393 595 436 maturitas.
664 390 913 452 quaedam
940 392 1111 435 statim
1136 392 1186 433 in
1210 391 1573 451 germinatione
1594 387 1790 443 florent,

311 484 684 540 properantque
714 480 762 521 in
795 493 853 522 eo
882 476 971 522 sed
999 475 1144 521 tarde
1174 481 1536 530 maturescunt,
1565 481 1622 520 ut
1651 477 1790 528 vitis;

312 566 531 609 serotino
569 563 817 625 quaedam
855 562 1178 625 germinatu1
1216 561 1395 607 florent
1432 568 1789 623 maturantque

311 650 557 706 celeriter,
603 653 748 696 sicuti
793 666 958 695 morus
1005 665 1133 711 quae
1180 651 1444 694 novissima
1489 648 1791 693 urbanarum

311 740 562 800 germinat
581 754 673 783 nee
693 739 784 781 nisi
806 743 984 781 exacto
1003 735 1205 798 frigore,
1224 736 1288 780 ob
1307 734 1358 780 id
1376 734 1512 781 dicta
1531 737 1791 798 sapientis-

312 827 437 870 sima
467 824 726 877 arborum3
774 823 863 868 sed
893 840 1005 868 cum
1036 825 1221 885 coepit,
1251 825 1302 867 in
1331 829 1532 868 tantum
1563 824 1792 867 universa

309 913 609 973 germinatio
649 913 865 972 erumpit
907 917 962 955 ut
1002 926 1101 955 una
1139 916 1287 954 nocte
1325 915 1598 971 peragatur
1637 910 1790 954 etiam

313 1014 426 1043 cum
451 1000 680 1060 strepitu.

216 1090 291 1129 103
377 1083 542 1129 XLII.
582 1084 657 1128 Ex
683 1087 740 1129 iis
767 1100 895 1145 quae
921 1082 1086 1128 hieme
1109 1082 1273 1144 aquila
1294 1085 1571 1136 exoriente,
1591 1088 1648 1127 ut
1667 1081 1792 1127 dixi-

313 1188 439 1226 mus,
453 1173 740 1233 concipiunt
756 1169 899 1216 floret
917 1173 1078 1232 prima
1099 1172 1319 1214 omnium
1335 1168 1599 1231 amygdala
1620 1184 1791 1214 mense

313 1257 560 1313 Ianuario,
610 1256 797 1303 Martio
855 1273 971 1302 vero
1027 1273 1234 1319 pomum
1292 1262 1527 1301 maturat.
1612 1255 1674 1300 ab
1734 1271 1793 1300 ea

311 1348 568 1408 proximae
605 1344 784 1390 florent
820 1344 1137 1398 Armeniaca,
1172 1343 1290 1388 dein
1325 1343 1529 1388 tuberes
1566 1349 1618 1387 et
1650 1358 1793 1404 prae-

311 1448 471 1487 coces,
507 1431 620 1477 illae
655 1434 953 1494 peregrinae
991 1431 1086 1476 ae2
1123 1437 1356 1484 coaetae3
1411 1428 1583 1475 ordine
1622 1436 1793 1475 autem

313 1525 522 1564 naturae
579 1518 878 1563 silvestrium
930 1520 1122 1581 primae
1178 1516 1388 1562 sabucus
1443 1518 1521 1561 cui
1575 1514 1794 1561 medulla

311 1604 524 1668 plurima
573 1611 625 1650 et
673 1607 750 1650 eui
800 1603 934 1649 nulla
981 1619 1158 1649 cornus
1207 1601 1443 1658 mascula,
1492 1602 1794 1647 urbanarum

313 1690 470 1736 malus
497 1707 751 1753 parvoque
779 1697 910 1753 post,
940 1696 997 1736 ut
1025 1689 1171 1735 simul
1197 1692 1391 1752 possint
1409 1687 1429 1717 3
1457 1688 1632 1743 videri,
1657 1691 1793 1751 pirus

215 1785 293 1823 104
317 1785 369 1823 et
414 1794 612 1823 cerasus
649 1784 702 1823 et
734 1793 938 1841 prunus.
1007 1775 1135 1822 has4
1167 1778 1394 1838 sequitur
1438 1774 1622 1829 laurus,
1658 1774 1793 1820 illam

312 1881 588 1928 cupressus,
648 1863 766 1910 dein
822 1866 1022 1926 punica,
1083 1863 1175 1908 fici.
1244 1869 1296 1908 et
1355 1865 1481 1908 vites
1542 1869 1594 1907 et
1653 1861 1793 1907 oleae

313 1950 604 1997 florentibus
625 1954 726 1996 iam
747 1949 821 1996 his
842 1952 1146 2013 germinant,
1168 1951 1455 2012 concipiunt
1477 1947 1793 2010 vergiliarum

314 2045 520 2083 exortu:
567 2036 660 2083 hoe
690 2037 824 2082 sidus
854 2036 1048 2082 illarum
1080 2044 1173 2091 est,
1204 2035 1349 2081 floret
1381 2042 1552 2080 autem
1581 2034 1792 2080 solstitio

314 2127 425 2169 vitis
457 2130 509 2169 et
539 2140 667 2186 quae
696 2123 846 2186 paulo
876 2126 1031 2169 serius
1062 2126 1235 2186 incipit
1266 2121 1389 2167 olea.
1458 2120 1792 2167 deflorescunt

310 2213 475 2255 omnia
496 2213 718 2273 septenis
741 2209 917 2255 diebus
940 2225 1039 2254 non
1061 2208 1289 2264 celerius,
1312 2206 1561 2270 quaedam
1583 2205 1790 2261 tardius,

623 2338 638 2362 1
666 2338 854 2375 serotina
885 2367 894 2376 .
927 2367 936 2376 .
970 2367 979 2376 .
1009 2336 1253 2387 germinant
1272 2334 1492 2386 Detlefsen.

620 2391 635 2414 ²
672 2390 749 2429 VJ.
771 2390 889 2429 haee.

619 2445 634 2466 ³
665 2444 903 2482 Rackham:
934 2443 1083 2493 possit.

625 2499 634 2520 ¹
665 2497 741 2536 has
760 2496 854 2536 add.
877 2496 1102 2536 Rackham.

313 2586 403 2632 454
