1909 2998
202 427 255 466 90

203 862 250 901 91

208 2081 259 2120 93

535 204 780 250 PLINY:
844 203 1175 250 NATURAL
1220 203 1518 250 HISTORY

284 339 368 379 tur
399 334 545 378 venia
577 331 842 386 caedendi,
874 347 975 377 non
1007 338 1183 377 tamen
1215 338 1272 377 ut
1306 337 1425 377 ante
1459 337 1625 377 ortum
1658 330 1772 377 solis

286 426 374 465 aut
420 425 535 482 post
583 435 814 464 occasum
861 417 1029 464 liceat.
1098 424 1355 464 sarmenta
1401 416 1549 463 hasta
1596 417 1774 464 dividit

285 505 515 552 sacerdos
541 505 740 568 deoque
764 512 965 568 partem
989 507 1150 569 ponit,
1175 504 1425 567 reliquum
1448 511 1699 551 mercator
1722 507 1772 550 in

286 609 472 640 massas
487 592 674 639 condit.
730 600 807 638 est
825 598 878 639 et
895 592 992 637 alia
1008 591 1144 638 fama
1162 609 1276 638 cum
1292 591 1396 638 sole
1413 591 1568 638 dividi
1583 599 1774 639 ternas-

287 697 384 743 que
406 686 578 744 partes
603 679 727 735 fieri,
751 679 871 726 dein
894 686 1030 726 sorte
1054 682 1258 743 gemina
1281 679 1515 735 discerni,
1539 678 1774 742 quodque

286 767 376 814 soli
397 769 605 814 cesserit
627 766 841 830 relinqui
867 783 924 813 ac
947 774 1128 831 sponte
1153 766 1476 830 conflagrare.

350 852 627 919 Praecipua
646 855 846 901 bonitas
868 854 1198 918 virgultorum
1220 856 1526 900 tenuissimis
1546 854 1774 917 partibus

287 941 351 988 ad
389 941 758 1004 longitudinem
796 940 969 1004 palmi,
1009 940 1232 988 secunda
1269 943 1508 1004 proximis
1548 941 1775 987 breviore

286 1045 537 1084 mensura,
554 1035 707 1091 atque
727 1030 800 1074 ita
819 1027 992 1074 ordine
1009 1042 1021 1083 ;
1061 1027 1354 1074 vilissimum
1374 1027 1508 1090 quod
1526 1026 1776 1074 radicibus

285 1118 586 1179 proximum,
630 1117 867 1177 quoniam
908 1115 978 1160 ibi
1020 1117 1283 1160 minimum
1325 1117 1541 1170 corticis,
1583 1117 1635 1159 in
1678 1131 1776 1177 quo

287 1219 482 1248 summa
519 1204 701 1265 gratia,
742 1218 903 1264 eaque
943 1201 1008 1247 de
1047 1218 1199 1247 causa
1236 1200 1595 1264 praeferuntur
1632 1217 1776 1247 cacu-

287 1292 439 1344 mina,
474 1289 560 1335 ubi
593 1288 835 1352 plurimus
870 1288 1084 1335 cortex.1
1149 1291 1313 1352 ipsum
1348 1304 1466 1334 vero
1499 1287 1692 1351 lignum
1726 1290 1776 1333 in

287 1375 490 1422 fastidio
531 1383 741 1439 propter
784 1378 976 1438 origani
1020 1378 1360 1430 acrimoniam,
1406 1375 1778 1438 xylocinnamo-

287 1481 426 1510 mum
461 1470 682 1509 vocatur.
763 1466 986 1526 pretium
1022 1465 1068 1508 ei
1102 1465 1153 1508 in
1186 1462 1336 1508 libras
1381 1462 1420 1508 Χ
1457 1476 1503 1507 Χ.
1573 1461 1777 1524 quidam

287 1552 503 1597 cinnami
531 1550 630 1596 duo
657 1566 846 1613 genera
872 1549 1146 1605 tradidere,
1174 1549 1433 1595 candidius
1460 1551 1777 1612 nigriusque3

289 1645 343 1684 et
383 1637 637 1700 quondam
674 1636 1060 1701 praeferebatur
1100 1636 1389 1692 candidum,
1430 1653 1561 1682 nunc
1602 1642 1778 1681 contra

288 1728 485 1788 nigrum
531 1724 783 1780 laudatur,
831 1731 986 1787 atque
1035 1726 1191 1770 etiam
1239 1726 1431 1769 varium
1476 1722 1776 1787 praeferunt

288 1812 516 1858 candidO.
583 1814 862 1858 certissima
879 1818 1054 1857 tamen
1072 1813 1360 1857 aestimatio
1379 1827 1442 1856 ne
1462 1813 1527 1857 sit
1545 1811 1777 1856 scabrum

291 1906 443 1962 atque
473 1906 531 1945 ut
559 1901 693 1945 inter
721 1915 830 1945 sese
860 1901 1039 1945 tritum
1067 1898 1213 1944 tarde
1244 1897 1438 1944 frietur.
1507 1897 1778 1944 damnatur

291 1989 341 2032 in
360 1989 532 2051 primis
555 1985 704 2032 molle
729 1993 817 2032 aut
839 1989 918 2032 cui
939 1985 1082 2032 labet
1099 1986 1117 2014 2
1140 1993 1330 2031 cortex.

356 2074 439 2120 Ius
463 2077 568 2120 eius
592 2090 622 2119 a
645 2073 1047 2120 Gebbanitarum
1069 2089 1190 2136 rege
1214 2073 1318 2118 solo
1339 2071 1697 2137 proficiscitur;
1737 2074 1777 2117 is

292 2161 458 2207 edicto
501 2168 728 2207 mercatu
773 2160 961 2207 vendit.
1028 2162 1195 2223 pretia
1241 2159 1494 2222 quondam
1540 2158 1681 2205 fuere
1726 2161 1777 2203 in

292 2248 441 2294 libras
470 2247 731 2294 denarium
762 2247 925 2301 milia;
974 2254 1179 2293 auctum
1208 2247 1258 2292 id
1287 2253 1433 2310 parte
1463 2246 1671 2292 dimidia
1701 2253 1777 2291 est

293 2338 522 2391 incensis,
543 2342 600 2381 ut
621 2334 808 2390 ferunt,
830 2334 961 2381 silvis
983 2337 1055 2379 ira
1074 2334 1428 2379 barbarorum:
1468 2333 1518 2379 id
1541 2332 1777 2379 acciderit

580 2485 594 2507 ¹
625 2482 729 2523 Edd.
751 2498 760 2522 :
791 2483 865 2522 ubi
886 2482 1080 2533 pluribus
1099 2487 1258 2532 torpet.

577 2538 592 2560 ²
623 2536 819 2587 Mayhoff
833 2551 842 2576 :
874 2536 982 2576 labit
1001 2541 1075 2576 aut
1092 2535 1258 2575 labitur
1277 2539 1351 2574 aut
1370 2533 1490 2574 livet.

292 2612 352 2659 66
