1909 2998
246 731 298 769 52

246 1635 297 1673 53

582 195 827 242 PLINY:
892 193 1223 242 NATURAL
1267 194 1564 242 HISTORY

328 327 558 386 potentia
607 339 737 385 quae
785 329 1041 385 postremo
1089 325 1243 368 nimia
1291 326 1391 369 ruit
1439 339 1588 384 super
1634 326 1813 386 ipsum,

329 427 533 470 minime
558 427 734 486 utique
758 426 996 468 miratore
1023 425 1264 477 inanium,
1286 429 1432 469 tanto
1455 422 1648 485 praedii
1667 421 1812 470 huius

329 540 498 570 amore
516 530 666 585 capto
684 531 741 569 ut
760 539 859 569 non
877 522 1094 584 puderet
1113 525 1269 568 inviso
1287 522 1408 569 alias
1427 529 1480 569 et
1497 529 1813 570 ostentaturo

328 624 530 671 tradere
575 623 797 686 palmam
845 639 975 677 eam,
1023 625 1205 684 emptis
1253 621 1614 685 quadriplicato
1660 627 1812 670 vineis

332 723 424 770 illis
455 728 587 770 intra
617 724 866 770 decimum
897 723 1003 768 fere
1033 739 1181 768 curae
1212 739 1414 768 annum.
1482 723 1634 786 digna
1662 740 1814 785 opera

333 842 462 888 quae
488 828 537 871 in
563 823 805 870 Caecubis
831 822 1118 885 Setinisque
1149 825 1279 886 agris
1308 823 1590 885 proficeret,
1615 823 1813 887 quando

330 933 382 972 et
437 933 616 987 postea
669 940 1033 986 saepenumero
1090 930 1326 985 septenos
1382 922 1565 969 culleos
1619 923 1814 987 singula

330 1030 519 1089 iugera,
569 1024 662 1072 hoc
713 1031 791 1071 est
841 1022 1106 1087 amphoras
1157 1030 1398 1070 centenas
1449 1024 1814 1086 quadragenas,

329 1130 481 1172 musti
500 1126 702 1172 dedere.
772 1141 828 1171 ac
853 1141 917 1170 ne
943 1128 1051 1187 quis
1072 1127 1256 1170 victam
1275 1127 1325 1169 in
1344 1122 1436 1170 hoc
1456 1127 1811 1186 antiquitatem

330 1227 618 1281 arbitretur,
645 1225 780 1272 idem
807 1225 936 1271 Cato
963 1224 1118 1271 denos
1145 1223 1328 1270 culleos
1355 1224 1518 1271 redire
1545 1241 1607 1271 ex
1634 1227 1811 1287 iugeri·

330 1327 421 1373 bus
471 1329 684 1388 scripsit,
722 1325 1004 1372 efficacibus
1057 1324 1300 1386 exemplis
1349 1340 1449 1370 non
1498 1327 1656 1370 maria
1703 1324 1813 1386 plus

328 1434 581 1473 temerata
618 1425 845 1473 conferre
883 1428 1168 1479 mercatori,
1207 1441 1305 1470 non
1344 1427 1395 1469 in
1434 1424 1659 1470 Rubrum
1696 1424 1813 1472 litus

332 1528 621 1574 Indicumve
644 1543 834 1572 merces
856 1529 1045 1588 petitas
1069 1542 1220 1587 quam
1243 1524 1473 1571 sedulum
1495 1528 1618 1571 ruris
1639 1524 1811 1571 larem.

394 1627 480 1673 VI.
518 1627 645 1673 Vino
665 1629 1010 1689 antiquissima
1026 1625 1224 1672 claritas
1245 1625 1488 1671 Maroneo
1507 1628 1558 1670 in
1573 1623 1813 1672 Thraciae

329 1731 611 1775 maritimae
659 1735 804 1789 parte
853 1730 1043 1790 genito,
1094 1733 1150 1771 ut
1199 1733 1373 1771 auctor
1421 1732 1498 1771 est
1546 1724 1811 1772 Homerus.

329 1845 493 1891 neque
531 1831 664 1875 enim
699 1827 925 1873 fabulosa
963 1834 1048 1873 aut
1086 1826 1148 1872 de
1187 1829 1376 1888 origine
1409 1828 1514 1872 eius
1539 1829 1673 1871 varie
1701 1842 1813 1888 pro-

329 1930 435 1976 dita
470 1927 859 1982 consectemur-‚1
887 1934 1245 1989 praeterquam
1276 1926 1564 1971 Aristaeum
1597 1928 1812 1987 primum

329 2033 549 2076 omnium
570 2032 619 2075 in
641 2028 819 2075 eadem
840 2035 995 2090 gente
1017 2026 1117 2073 mel
1136 2029 1391 2073 miscuisse
1412 2028 1542 2080 vin0‚
1562 2029 1812 2073 suavitate

329 2133 596 2192 praecipua
648 2132 908 2190 utriusque
960 2134 1173 2173 naturae
1225 2133 1405 2188 sponte
1455 2128 1809 2188 provenientis.

332 2230 630 2276 Maroneum
679 2232 827 2275 vicies
874 2235 1021 2274 tanto
1069 2226 1244 2273 addito
1293 2242 1454 2288 aquae
1501 2226 1810 2272 miscendum

247 2339 299 2376 54
331 2330 577 2377 Homerus
618 2328 853 2391 prodidit.
922 2327 1071 2373 durat
1112 2329 1389 2372 etiamnum
1432 2328 1501 2371 vis
1542 2328 1592 2371 in
1633 2325 1810 2372 eadem

714 2483 726 2506 ¹
764 2480 1077 2530 Warminqton:
1111 2482 1424 2518 consectamur.

335 2595 421 2624 220
