1909 2998
254 558 305 595 28

252 1936 305 1974 30

587 196 833 244 PLINYz
895 196 1223 242 NATURAL
1267 195 1563 242 HISTORY

338 323 524 369 diutius
560 326 686 369 viret
721 327 1017 386 crescitque,
1052 331 1109 369 ut
1143 324 1395 369 interdum
1430 322 1546 368 mali
1580 321 1812 386 conpleat

338 400 752 462 magnitudinem.
822 403 1013 464 optima
1050 399 1406 462 Commagena,
1442 399 1712 445 deterrima
1749 415 1811 445 ex

338 477 542 530 robore3
583 479 779 539 signum
804 479 908 523 eius
934 476 1067 539 quod
1089 493 1332 522 cavernae
1357 475 1620 521 tralucent.

402 552 463 598 X.
503 552 671 598 Robur
702 561 904 616 praeter
935 552 1152 599 fructum
1179 553 1391 616 plurima
1423 559 1476 598 et
1507 552 1602 597 alia
1633 554 1808 615 gignit.

338 646 553 691 namque
584 628 684 675 fert
715 637 767 676 et
797 629 960 692 gallae
993 637 1261 692 utrumque
1292 645 1449 692 genus
1481 636 1533 675 et
1564 628 1811 691 quaedam

338 705 492 751 veluti
517 723 671 761 mora,
690 709 740 752 ni
759 707 1005 752 distarent
1024 706 1162 752 arida
1187 706 1386 761 duritie,
1403 705 1696 768 plerumque
1723 712 1776 751 et
1794 705 1812 734 1

338 785 469 828 tauri
508 790 660 846 caput
700 786 968 839 imitantia,
1010 784 1187 846 quibus
1228 782 1417 828 fructus
1458 785 1588 828 inest
1627 781 1812 828 nucleis

339 858 495 904 olivae
516 860 701 906 similis.
770 867 1041 906 nascuntur
1059 863 1110 905 in
1130 877 1190 905 eo
1210 866 1263 905 et
1280 859 1466 923 pilulae
1486 860 1693 904 nucibus
1713 875 1812 904 non

338 935 603 991 absimiles,
637 939 769 982 intus
803 936 1049 983 habentes
1082 936 1261 982 floccos
1294 935 1467 981 molles
1500 935 1812 981 lucernarum

337 1011 603 1058 luminibus
644 1020 816 1076 aptos3
873 1030 988 1058 nam
1030 1020 1082 1059 et
1120 1016 1226 1058 sine
1267 1013 1377 1058 oleo
1416 1011 1630 1074 flagrant
1669 1015 1813 1058 sicuti

337 1087 468 1150 galla
511 1092 668 1152 nigra.
755 1089 855 1136 fert
899 1097 951 1136 et
994 1090 1142 1135 aliam
1184 1089 1413 1135 inutilem
1454 1088 1658 1152 pilulam
1701 1106 1813 1135 cum

262 1194 265 1197 ι
338 1165 531 1227 capillo,
545 1182 696 1212 verno
710 1174 883 1212 tamen
897 1173 1123 1230 tempore
1139 1166 1402 1228 melliginis
1417 1169 1534 1212 suci.
1600 1169 1814 1229 gignunt

338 1247 391 1287 et
426 1241 534 1288 alae
570 1259 821 1289 ramorum
857 1246 962 1289 eius
995 1243 1173 1307 pilulas
1209 1259 1414 1306 corpore
1451 1259 1550 1288 non
1583 1242 1813 1306 pediculo

337 1316 687 1374 adhaerentes,
732 1320 1110 1366 candicantibus
1157 1319 1420 1374 umbilicis,
1455 1326 1626 1365 cetera
1673 1323 1814 1382 nigra

337 1397 582 1442 varietate
632 1396 882 1459 dispersa3
949 1396 1116 1442 media
1163 1399 1297 1442 cocci
1345 1396 1559 1442 colorem
1607 1395 1813 1452 habent,

337 1474 523 1533 apertis
557 1473 764 1518 amara2
796 1475 1012 1518 inanitas
1046 1479 1137 1518 est.
1207 1472 1474 1535 aliquando
1508 1479 1560 1518 et
1590 1476 1813 1536 pumices

336 1550 500 1610 gignit
538 1566 630 1595 nec
669 1566 768 1595 non
807 1557 860 1596 et
899 1566 926 1595 e
965 1549 1094 1595 foliis
1132 1549 1420 1595 convolutas
1457 1549 1633 1612 pilulas
1673 1556 1726 1596 et
1763 1553 1813 1595 in

337 1622 566 1671 foliorum
594 1629 730 1672 venis
760 1643 969 1689 aquosos
998 1626 1200 1672 nucleos
1228 1626 1550 1672 candicantes
1580 1643 1636 1672 ac
1663 1626 1813 1672 tralu-

336 1700 470 1746 cidos
522 1703 760 1764 quamdiu
810 1703 982 1749 molles
1034 1705 1150 1758 sint,
1200 1705 1251 1748 in
1302 1703 1479 1765 quibus
1531 1710 1584 1748 et
1633 1702 1812 1749 culices

337 1786 623 1825 nascuntur.
691 1787 1038 1826 maturescunt
1068 1783 1119 1825 in
1149 1780 1366 1840 <nodum
1393 1779 1456 1826 ad
1479 1796 1662 1843 parvae
1693 1779 1812 1826 levis

336 1853 529 1917 gallae>
549 1855 568 1884 3
593 1857 811 1902 modum.

401 1931 490 1977 XI.
529 1932 717 1978 Ferunt
748 1934 925 1978 robora
956 1940 1009 1979 et
1033 1932 1294 1995 cachrym:
1329 1936 1402 1979 ita
1426 1940 1631 1979 vocatur
1660 1933 1813 1996 pilula

336 2009 387 2051 in
436 2008 686 2054 medicina
733 2009 910 2055 urendi
957 2013 1056 2055 vim
1104 2008 1309 2055 habens
1391 2012 1613 2072 gignitur
1660 2017 1712 2056 et
1762 2013 1812 2055 in

338 2083 524 2140 abiete,
558 2085 727 2142 larice,
757 2089 920 2149 picea,
956 2086 1080 2141 tilia,
1115 2103 1258 2141 nuce,
1289 2086 1512 2149 platano,
1545 2093 1812 2149 postquam

775 2214 790 2237 ¹
821 2217 864 2251 et
883 2212 976 2251 add.
1001 2212 1205 2263 Maylcoff.

774 2266 788 2288 ²
818 2271 913 2305 atra
934 2267 1177 2305 Pincianus.

773 2319 788 2341 ³
819 2319 927 2358 Add.
948 2319 1033 2358 Ian
1053 2318 1143 2359 coll.
1168 2319 1375 2369 Theophr.

394 2459 412 2478 ‘⁸
442 2453 630 2504 Perhaps
651 2454 737 2493 this
763 2454 916 2493 should
944 2455 994 2493 be
1020 2454 1183 2494 altered
1209 2459 1255 2494 to
1283 2455 1291 2471 ‘
1308 2454 1461 2502 black,’
1488 2459 1535 2495 to
1560 2468 1684 2507 agree
1707 2456 1809 2495 with

338 2507 672 2558 Theophrastus.

333 2584 421 2639 406
