1909 2998
279 938 303 976 9

247 1458 295 1497 10

585 198 829 246 PLINY:
893 198 1223 245 NATURAL
1269 198 1564 246 HISTORY

331 344 378 389 p.
407 326 464 371 R.
491 329 583 389 ipsi
607 342 789 372 corona
813 328 1043 389 inposita.
1098 333 1368 389 postquam
1393 343 1510 373 vero
1534 327 1810 374 tribuniciis

331 412 657 458 seditionibus
680 411 859 457 calcari
883 429 939 457 ac
961 412 1114 475 pollui
1137 429 1369 476 coepere,
1390 419 1661 476 postquam
1683 416 1810 460 vires

332 515 393 544 ex
418 498 617 561 publico
641 501 692 543 in
715 501 967 561 privatum
993 501 1074 561 agi
1099 498 1407 561 singulisque
1431 501 1613 545 civium
1638 503 1811 562 quaeri

331 592 384 631 et
415 588 714 631 sacrosancti
745 588 911 630 omnia
940 584 1152 648 profana
1183 584 1367 641 facere,
1398 592 1509 632 tum
1540 602 1570 631 a
1597 585 1810 649 pedibus

331 687 502 717 eorum
536 672 732 717 subiere
767 674 817 716 in
851 674 1019 734 capita
1052 674 1233 717 civium
1266 678 1454 718 rostra:
1509 671 1653 718 dedit
1684 670 1811 718 hanc

330 758 588 821 Augustus
621 773 855 803 coronam
889 758 1164 821 Agrippae,
1198 757 1287 804 sed
1321 760 1528 804 civicam
1563 774 1592 804 a
1624 774 1810 821 genere

330 843 548 890 humano
571 847 766 908 accepit
787 847 910 908 ipse.

393 931 475 977 IV.
515 931 810 993 Antiquitus
837 930 1040 993 quidem
1066 930 1200 976 nulla
1224 933 1317 977 nisi
1344 930 1441 977 deo
1466 931 1811 978 dabatur—ob

329 1017 380 1063 id
417 1017 664 1063 Homerus
700 1017 839 1064 caelo
875 1024 1075 1063 tantum
1113 1034 1225 1064 eam
1262 1024 1315 1063 et
1354 1017 1546 1081 proelio
1582 1021 1811 1064 universo

329 1105 522 1160 tribuit,
557 1107 741 1150 viritim
775 1121 892 1151 vero
928 1121 990 1150 ne
1027 1107 1077 1149 in
1111 1107 1386 1151 certamine
1424 1104 1627 1167 quidem
1663 1105 1811 1151 ulli-

329 1190 597 1254 feruntque
637 1194 854 1256 primum
889 1194 1112 1237 omnium
1148 1190 1386 1237 Liberum
1420 1197 1620 1254 patrem
1655 1194 1811 1255 impo-

329 1281 483 1324 suisse
514 1281 667 1342 capiti
699 1295 788 1324 suo
821 1295 883 1324 ex
915 1277 1118 1325 hedera.
1185 1285 1365 1342 postea
1397 1278 1606 1324 deorum
1637 1277 1810 1325 honori

329 1365 662 1411 sacrificantes
730 1381 986 1429 sumpsere
1054 1367 1266 1411 victimis
1334 1364 1479 1411 simul
1546 1368 1808 1412 coronatis.

329 1454 590 1498 novissime
637 1458 691 1498 et
735 1455 787 1498 in
831 1454 979 1498 sacris
1024 1451 1380 1498 certaminibus
1427 1458 1716 1515 usurpatae,
1760 1455 1811 1498 in

329 1539 507 1601 quibus
526 1537 778 1601 hodieque
799 1554 899 1584 non
918 1541 1093 1584 victori
1114 1537 1299 1584 dantur
1318 1537 1409 1584 sed
1425 1541 1646 1602 patriam
1666 1538 1730 1584 ab
1750 1554 1810 1584 eo

327 1629 549 1671 coronari
578 1628 960 1689 pronuntiatur3
1008 1624 1125 1671 inde
1156 1631 1333 1671 natum
1363 1631 1421 1671 ut
1451 1631 1505 1671 et
1534 1623 1810 1688 triumpha-

328 1715 451 1758 turis
488 1711 835 1759 conferrentur
872 1714 923 1757 in
961 1711 1163 1775 templis
1202 1711 1465 1767 dicandae,
1503 1727 1620 1758 mox
1660 1718 1717 1758 ut
1757 1719 1809 1758 et

328 1799 454 1845 ludis
509 1799 763 1845 darentur.
832 1799 1036 1862 longum
1092 1805 1170 1844 est
1225 1814 1318 1844 nec
1371 1800 1591 1844 instituti
1646 1801 1808 1861 operis

327 1885 568 1932 disserere
587 1889 694 1949 quis
712 1902 962 1949 quamque
980 1886 1319 1931 Romanorum
1332 1888 1521 1949 primus
1538 1888 1808 1949 acceperit,

327 1989 491 2035 neque
541 1976 674 2019 enim
722 1972 841 2018 alias
891 1978 1132 2018 noverant
1180 1988 1332 2034 quam
1378 1970 1609 2018 bellicas:
1675 1971 1808 2034 quod

382 2143 401 2162 ⁰
428 2137 518 2175 The
537 2136 741 2188 platform
761 2137 804 2175 in
823 2136 897 2175 the
915 2135 1056 2175 forum
1075 2135 1185 2174 from
1205 2135 1342 2174 which
1361 2134 1560 2186 speakers
1579 2134 1807 2174 addressed

326 2191 400 2230 the
425 2190 670 2230 assemblies
696 2203 782 2229 was
808 2189 1036 2229 decorated
1063 2189 1167 2228 with
1195 2189 1204 2205 ‘
1224 2188 1354 2228 beaks
1375 2189 1384 2205 ’
1410 2202 1458 2228 or
1483 2201 1597 2228 rams
1622 2189 1671 2228 of
1691 2188 1807 2240 ships

327 2244 458 2283 taken
486 2243 594 2282 from
623 2243 803 2282 Antium
830 2243 941 2282 after
969 2243 1024 2282 its
1051 2242 1189 2282 revolt
1216 2242 1327 2282 from
1355 2242 1493 2281 Rome
1520 2243 1564 2281 in
1591 2243 1670 2282 338
1698 2253 1804 2289 Β.ο.;

328 2299 361 2336 it
389 2310 475 2336 was
503 2296 622 2336 itself
646 2296 780 2336 called
811 2296 820 2312 ‘
838 2296 912 2336 the
942 2295 1105 2342 Rams‚’
1135 2295 1221 2335 and
1250 2295 1326 2334 has
1355 2296 1482 2346 given
1510 2308 1559 2334 us
1587 2295 1662 2334 the
1691 2295 1806 2334 word

332 2352 341 2367 ⁶
360 2350 577 2397 rost1·um,’
611 2349 751 2389 which
783 2350 818 2388 is
850 2349 1038 2400 perhaps
1069 2348 1146 2388 the
1178 2360 1328 2388 source
1358 2347 1408 2387 of
1433 2347 1510 2388 the
1540 2348 1663 2399 slang
1695 2352 1805 2387 term

331 2410 340 2425 ‘
356 2402 494 2450 beak,‘
516 2404 718 2453 meaning
738 2416 763 2442 a
783 2403 1040 2452 magistrate
1060 2414 1116 2441 on
1135 2401 1212 2441 the
1233 2401 1386 2441 bench.

381 2457 397 2482 ὁ
426 2457 449 2495 I
453 2457 479 2496 l.
504 2456 670 2495 XVIII.
694 2459 788 2503 485,
809 2455 945 2506 τείρεα
964 2455 1097 2495 πάντα
1116 2454 1165 2494 τά
1185 2454 1223 2494 τ’
1244 2455 1411 2505 οὖρανος
1432 2453 1723 2506 ἐστεφάνωται.

383 2516 396 2534 ⁶
424 2511 478 2550 Il.
502 2510 629 2550 XIII.
654 2511 746 2557 736,
770 2509 900 2561 πάντη
920 2508 998 2561 γάρ
1019 2525 1065 2548 σε
1085 2508 1174 2559 περὶ
1197 2507 1395 2560 στέφανος
1415 2508 1609 2559 πολέμοιο
1631 2507 1783 2560 δέδηεν.

324 2601 410 2647 392
