1940 2998
601 185 846 231 PLINY:
911 184 1241 231 NATURAL
1286 183 1585 232 HISTORY

354 315 606 358 inimicum
628 312 766 357 lauro
787 311 996 366 fecerat,
1018 311 1107 357 scd
1129 315 1178 357 in
1201 311 1417 375 Olympo
1439 314 1682 375 copiosior
1703 311 1836 357 nulla

354 394 445 432 est.
514 389 643 431 circa
694 386 967 448 Bosporum
1021 385 1343 430 Cimmerium
1395 388 1445 430 in
1498 384 1836 448 Panticapaeo

354 460 475 504 urbe
506 462 638 504 omni
668 459 817 504 modo
846 459 1093 505 laborabit
1125 458 1451 504 Mithridates
1480 475 1569 505 rex
1599 466 1652 505 et
1679 461 1836 504 ceteri

353 532 542 577 incolae
591 548 841 577 sacrorum
888 538 1026 577 certe
1074 547 1225 577 causa
1271 531 1465 576 laurum
1512 539 1835 594 myrtumque

353 604 568 652 habere:
611 621 711 650 non
737 607 968 668 contigit,
994 621 1108 650 cum
1133 608 1322 668 teporis
1350 605 1549 651 arbores
1576 605 1835 651 abundent

352 679 437 734 ibi,
468 681 681 742 punicae
717 677 913 740 ficique,
946 681 1047 723 iam
1080 677 1197 723 mali
1231 684 1284 723 et
1316 680 1410 740 piri
1444 677 1833 725 laudatissimae.

254 757 331 796 138
350 751 554 814 frigidas
596 751 775 797 eodem
816 758 983 797 tractu
1024 767 1123 796 non
1163 754 1340 813 genuit
1383 751 1599 807 arbores,
1644 754 1836 814 pinum,

353 826 591 880 abietem,
615 828 827 888 piceam.
897 831 949 870 et
977 824 1096 886 quid
1123 827 1310 870 attinet
1341 827 1392 869 in
1420 822 1637 871 Pontum
1664 825 1835 870 abire?

352 901 495 944 iuxta
557 898 768 943 Romam
825 901 986 961 ipsam
1043 905 1310 944 castaneae
1368 901 1625 960 cerasique
1685 914 1835 961 aegre

351 974 667 1035 proveniunt,
708 974 902 1034 persica
943 974 993 1016 in
1035 971 1330 1026 Tusculano,
1374 987 1525 1016 nuces
1549 971 1568 1000 1
1612 970 1835 1017 Graecae

352 1062 466 1091 cum
523 1044 695 1091 taedio
753 1048 1039 1090 inseruntur
1096 1044 1361 1090 Tarracina
1419 1043 1549 1090 silvis
1607 1051 1835 1090 scatente

357 1135 542 1164 earum.

254 1198 331 1237 139
419 1191 524 1238 LX.
563 1192 835 1255 Cupressus
871 1191 1064 1237 advena
1101 1198 1154 1237 et
1196 1191 1479 1237 difficillime
1523 1194 1835 1237 nascentium

352 1265 464 1320 fuit,
518 1272 575 1311 ut
629 1265 692 1311 de
749 1281 846 1327 qua
900 1265 1153 1310 verbosius
1208 1268 1508 1327 saepiusque
1564 1281 1714 1327 quam
1768 1265 1833 1310 de

352 1339 579 1384 omnibus
620 1338 725 1384 aliis
762 1337 1042 1401 prodiderit
1083 1337 1225 1393 Cato,
1265 1345 1380 1383 satu
1418 1354 1629 1393 morosa,
1668 1336 1835 1384 fructu

352 1428 674 1475 supervacua,
705 1412 841 1457 bacis
872 1418 1031 1466 torva,
1063 1409 1181 1456 folio
1214 1427 1399 1466 amara,
1431 1410 1583 1457 odore
1616 1411 1835 1457 violenta

352 1502 408 1531 ac
458 1502 521 1531 ne
572 1485 748 1530 umbra
799 1485 1003 1547 quidem
1051 1487 1288 1546 gratiosa,
1339 1487 1550 1530 materie
1601 1500 1728 1540 rara,
1778 1491 1835 1531 ut

349 1575 512 1621 paene
552 1557 776 1603 fruticosi
813 1560 1029 1620 generis,
1070 1557 1178 1602 Diti
1216 1574 1355 1603 sacra
1394 1564 1446 1603 et
1483 1556 1599 1603 ideo
1637 1556 1834 1603 funebri

253 1638 329 1676 140
349 1634 489 1694 signo
523 1631 586 1677 ad
618 1631 790 1677 domos
813 1634 991 1694 posita.
1061 1629 1247 1676 femina
1279 1629 1409 1692 <fert
1441 1647 1631 1686 semen,
1663 1630 1834 1693 mas>2

351 1705 546 1750 sterilis.
616 1705 699 1750 diu
739 1712 906 1750 metae
945 1704 1150 1750 demum
1189 1712 1397 1767 aspectu
1434 1721 1534 1749 non
1569 1704 1836 1767 repudiata

350 1778 716 1840 distinguendis
746 1785 947 1824 tantum
976 1781 1234 1823 vinearum
1264 1777 1534 1833 ordinibus,
1559 1794 1690 1823 nunc
1719 1794 1834 1823 vero

351 1851 541 1897 tonsilis
579 1850 714 1896 facta
752 1854 802 1895 in
841 1850 1187 1896 densitatem3
1226 1853 1479 1913 parietum
1516 1853 1833 1912 coercitaque

351 1923 633 1986 gracilitate
656 1931 905 1987 perpetuo
928 1931 1063 1969 teres
1079 1923 1099 1952 4
1122 1922 1338 1969 trahitur
1362 1926 1517 1969 etiam
1540 1926 1592 1968 in
1612 1926 1833 1986 picturas

351 2000 512 2060 operis
544 2000 760 2058 topiarii,
792 2004 1002 2042 venatus
1034 1996 1276 2042 classesve
1311 2003 1363 2042 et
1394 1999 1636 2059 imagines
1667 2012 1832 2042 rerum

616 2084 631 2108 ¹
665 2083 861 2133 Maykoff
875 2099 883 2123 :
915 2083 1158 2122 Tusculano
1179 2095 1265 2122 non
1285 2096 1428 2122 nuces.

615 2138 630 2160 ²
663 2136 868 2187 Jlayhoff.

615 2191 630 2213 ⁸
661 2189 858 2240 Mayhoff
872 2205 880 2229 ε
913 2189 1143 2230 densitate.

611 2245 625 2266 ⁴¹
656 2244 893 2282 Salmasius
912 2260 921 2285 ε
952 2248 1042 2282 tere
1062 2249 1134 2283 aut
1154 2248 1269 2283 terra
1288 2248 1361 2282 aut
1381 2248 1543 2282 tenera.

403 2356 421 2375 ⁰
449 2350 555 2389 ΕΗ.
580 2351 790 2397 XLVIII,
814 2350 919 2389 CLI.

402 2403 416 2426 ὁ
447 2403 563 2443 MSS.
588 2404 596 2420 ‘
617 2405 705 2442 The
726 2404 878 2443 female
899 2406 933 2443 is
954 2403 1097 2443 sterile
1117 2404 1150 2451 ’;
1187 2404 1394 2455 Mayhoff,
1418 2406 1664 2455 comparing
1686 2404 1829 2444 XVII.

347 2459 435 2549 iffae
437 2458 589 2551 lipia-,2158
620 2471 644 2496 a
676 2458 841 2504 lacuna,
874 2458 961 2497 and
991 2458 1101 2496 from
1128 2459 1147 2507 ξ
1180 2459 1258 2498 247
1292 2459 1557 2509 conjectures
1587 2458 1662 2497 the
1692 2458 1830 2497 above

350 2577 440 2634 478
