1909 2998
267 312 317 348 87

266 570 318 607 88

264 1436 316 1474 89

263 2043 315 2082 90

599 173 844 219 PLINY:
908 171 1237 218 NATURAL
1282 171 1578 218 HISTORY

415 300 648 347 XXXVI.
687 299 873 345 Mirum
894 302 943 344 in
959 302 1128 362 primis
1150 299 1200 344 id
1217 299 1350 361 quod
1366 299 1498 344 ulmo
1516 298 1754 361 tiliaeque
1774 306 1826 345 et

351 389 490 435 oleae
515 395 567 433 et
587 387 772 450 populo
793 386 936 432 albae
963 394 1015 432 et
1039 386 1175 432 salici
1195 388 1390 432 evenit:
1424 389 1828 448 circumaguntur

351 478 483 521 enim
527 473 644 519 folia
691 489 863 518 earum
910 479 1025 536 post
1072 471 1356 528 solstitium,
1403 489 1496 517 nec
1542 471 1637 518 alio
1684 489 1828 534 argu-

350 568 523 607 mento
557 562 741 606 certius
777 558 1091 621 intellegitur
1127 558 1260 604 sidus
1295 557 1597 604 confectum.
1665 565 1742 604 est
1775 565 1827 604 et

347 648 547 712 publica
567 649 788 692 onmium
809 645 1039 691 foliorum
1058 648 1107 690 in
1127 648 1244 708 ipsis
1264 644 1574 691 differentia:
1611 661 1826 707 namque

347 751 460 799 pars
492 733 696 780 inferior
726 749 754 778 a
783 740 920 779 terra
949 731 1158 778 herbido
1188 735 1315 778 viret
1344 731 1524 788 colore,
1555 732 1618 777 ab
1649 732 1826 778 eadem

348 823 548 877 leviora,
568 836 744 867 nervos
763 819 1044 882 callumque
1067 827 1119 865 et
1139 818 1371 865 articulos
1394 822 1445 864 in
1467 821 1720 883 superiore
1743 817 1828 865 ha-

347 909 472 954 bent
498 914 661 971 parte,
689 909 925 952 incisuras
955 922 1071 952 vero
1100 906 1274 951 subter
1302 912 1359 951 ut
1386 921 1562 951 manus
1591 904 1824 951 humana.

349 995 488 1041 oleae
506 1010 720 1058 superne
737 993 1026 1040 candidiora
1043 1000 1095 1039 et
1112 996 1273 1038 minus
1289 991 1435 1048 levia,
1451 995 1575 1038 item
1591 991 1825 1038 hederae.

348 1082 437 1128 sed
460 1084 681 1127 omnium
696 1079 813 1125 folia
828 1080 1013 1126 cotidie
1033 1079 1098 1125 ad
1119 1079 1274 1125 solem
1298 1082 1530 1134 oscitant,
1553 1085 1610 1125 ut
1625 1079 1644 1107 1
1663 1077 1827 1125 inferi-

349 1185 457 1214 ores
482 1175 652 1231 partes
677 1167 908 1230 tepefieri
928 1166 1161 1213 volentia.
1230 1169 1452 1229 superior
1474 1182 1588 1229 pars
1607 1169 1826 1211 omnium

348 1255 634 1317 lanuginem
682 1252 1194 1316 quantulamcumque
1238 1251 1411 1308 habet,
1456 1268 1584 1315 quae
1628 1255 1679 1297 in
1722 1252 1827 1298 aliis

350 1345 579 1405 gentium
604 1340 718 1386 lana
742 1347 834 1386 est.

413 1427 675 1473 XXXVII.
718 1427 775 1472 In
813 1429 1006 1472 oriente
1034 1425 1178 1472 funes
1203 1425 1390 1472 validos
1417 1442 1444 1472 e
1469 1425 1595 1472 foliis
1630 1425 1826 1489 palmae

350 1515 454 1561 fieri
479 1514 669 1560 dictum
694 1521 787 1569 est,
814 1530 999 1575 eosque
1037 1516 1087 1558 in
1124 1529 1295 1559 umore
1327 1512 1548 1558 utiliores
1584 1529 1707 1559 esse.
1775 1521 1828 1559 et

349 1601 482 1665 apud
517 1618 604 1646 nos
640 1617 756 1646 vero
790 1600 967 1664 palmis
1003 1617 1032 1645 a
1066 1616 1227 1645 messe
1263 1599 1601 1662 decerpuntur
1636 1599 1718 1661 (ex
1754 1598 1826 1644 his

349 1688 553 1734 meliora
575 1704 703 1749 quae
726 1704 835 1733 sese
861 1703 960 1731 non
987 1686 1285 1748 diviserint),
1305 1689 1555 1732 siccantur
1580 1686 1671 1731 sub
1690 1692 1827 1732 tecto

350 1777 604 1837 quaternis
622 1774 816 1829 diebus,
832 1790 948 1818 mox
966 1776 1016 1818 in
1032 1773 1134 1819 sole
1157 1772 1512 1836 expanduntur
1527 1779 1579 1818 et
1599 1773 1826 1818 noctibus

347 1861 538 1916 relicta,
578 1861 737 1906 donec
777 1860 993 1906 candore
1032 1863 1334 1915 inarescant,
1370 1866 1551 1923 postea
1587 1863 1637 1904 in
1676 1876 1825 1924 opera

350 1948 619 1993 finduntur.

410 2033 701 2080 XXXVIII.
741 2033 1007 2079 Latissima
1055 2033 1164 2088 fico,
1201 2036 1307 2088 viti,
1348 2032 1570 2096 platano,
1614 2041 1824 2095 angusta

348 2128 529 2184 myrto,
553 2119 807 2183 punicae‚2
827 2120 985 2175 oleae,
1005 2119 1239 2182 capillata
1256 2122 1392 2183 pino,
1411 2119 1578 2170 cedro,
1599 2119 1826 2165 aculeata

348 2207 581 2269 aquifolio
616 2214 668 2252 et
701 2206 865 2251 ilicum
904 2209 1259 2268 generi—nam
1296 2209 1531 2268 iuniperis
1564 2209 1704 2268 spina
1736 2223 1825 2268 pro

347 2293 462 2339 folio
480 2301 843 2347 est,—carnosa
859 2309 1108 2355 cupresso,
1125 2295 1369 2347 tamarici,
1382 2294 1680 2337 crassissima
1697 2291 1824 2347 alno,

863 2434 877 2456 ²
909 2436 958 2471 ut,
980 2432 1074 2470 add.
1098 2431 1328 2472 Rackham.

870 2486 885 2509 ²
911 2485 1016 2524 Edd.
1038 2501 1046 2524 :
1078 2486 1247 2536 punico.

346 2577 436 2619 444
