1909 2998
588 189 833 237 PLINY:
898 189 1228 236 NATURAL
1272 188 1569 235 HISTORY

336 317 525 380 lignum
554 334 646 364 nec
672 316 914 380 cartilago
941 316 1039 363 dici
1064 323 1254 380 potest,
1281 332 1446 378 neque
1475 315 1610 362 aliud
1637 332 1819 362 nomen

338 400 574 443 inveniat.

239 484 316 523 118
401 476 606 523 XXXV.
643 476 882 523 Sucorum
898 482 1078 523 natura
1095 477 1418 540 praecipuam
1437 474 1818 521 admirationem

336 559 387 602 in
412 564 577 620 myrto
602 555 775 612 habet,
802 556 1003 619 quando
1029 572 1092 602 ex
1120 571 1220 602 una
1245 557 1468 600 omnium
1494 554 1590 601 olei
1617 557 1817 618 vinique

333 637 451 682 bina
471 653 660 699 genera
684 636 827 691 fiunt,
849 639 974 682 item
998 635 1360 698 myrtidanum,
1384 641 1441 680 ut
1465 634 1698 680 diximus.
1766 642 1819 681 et

338 716 460 762 alius
487 733 603 763 usus
629 716 785 762 bacae
813 715 908 762 fuit
936 715 1071 778 apud
1097 718 1347 778 antiquos,
1375 721 1651 777 antequam
1675 716 1820 777 piper

336 799 656 860 reperiretur,
709 796 844 842 illam
897 798 1173 859 optinentis
1197 795 1215 824 1
1270 797 1447 850 vicem,
1497 796 1548 839 in
1602 793 1819 856 quodam

338 880 492 922 etiam
543 892 730 939 genere
784 878 975 939 opsonii
1028 878 1228 920 nomine
1281 873 1399 920 inde
1452 880 1632 929 tracto,
1686 872 1819 936 quod

338 959 492 1002 etiam
531 973 661 1002 1111116
700 962 978 1019 myrtatum
1017 961 1236 1000 vocatur.
1306 953 1587 1016 eademque
1627 955 1818 1016 origine

338 1053 570 1099 aprorum
590 1053 735 1099 sapor
754 1034 1152 1091 commendatur,
1171 1034 1469 1098 plerumque
1492 1033 1556 1079 ad
1576 1035 1818 1079 intinctus

339 1116 521 1162 additis
546 1119 738 1179 myrtis.

242 1202 317 1241 119
404 1195 638 1242 XXXVI.
679 1196 842 1241 Arbor
881 1198 989 1259 ipsa
1029 1198 1080 1240 in
1121 1194 1353 1257 Europae
1394 1195 1624 1239 citeriore
1665 1192 1821 1248 63610,

340 1276 473 1339 quod
509 1293 537 1321 a
574 1275 829 1322 Cerauniis
865 1275 1118 1321 montibus
1155 1277 1344 1337 incipit,
1372 1276 1589 1336 primum
1626 1271 1822 1319 Cerceis

338 1360 388 1401 in
425 1356 684 1419 Elpenoris
721 1355 914 1402 tumulo
950 1358 1053 1400 visa
1098 1354 1331 1409 traditur,
1378 1353 1727 1415 Graecumque
1774 1355 1821 1398 ei

340 1453 522 1482 110111611
549 1443 797 1491 remanet,
824 1452 922 1498 quo
947 1437 1268 1498 peregrinam
1296 1449 1403 1479 esse
1431 1439 1657 1496 apparet.
1725 1431 1821 1478 fuit

341 1517 425 1562 ubi
456 1532 586 1562 nunc
617 1515 776 1561 Roma
807 1522 884 1561 est
913 1517 1014 1560 iam
1044 1531 1157 1560 cum
1188 1512 1505 1568 conderetur,
1532 1514 1717 1575 quippe
1748 1514 1822 1558 ita

339 1596 572 1651 traditur,
602 1603 801 1658 myrtea
831 1595 1050 1641 verbena
1077 1594 1325 1640 Romanos
1356 1592 1683 1655 Sabinosque,
1707 1608 1821 1638 611111

338 1683 544 1739 propter
568 1683 737 1739 raptas
764 1678 977 1738 virgines
1004 1674 1241 1720 dimicare
1267 1672 1556 1728 voluissent,
1581 1671 1821 1734 depositis

340 1759 487 1802 armis
525 1763 764 1818 purgatos
804 1758 855 1800 in
894 1771 954 1801 eo
992 1754 1100 1799 loco
1141 1756 1225 1816 qui
1263 1769 1394 1798 nunc
1433 1755 1575 1814 signa
1614 1751 1821 1797 Veneris

341 1836 607 1881 Cluacinae
668 1834 851 1881 habet:
929 1834 1095 1880 cluere
1158 1836 1292 1879 enim
1353 1835 1544 1894 antiqui
1605 1846 1821 1894 purgare

244 1923 320 1961 120
343 1916 594 1961 dicebant.
663 1922 716 1961 et
747 1918 798 1960 in
831 1931 890 1960 ea
924 1930 1122 1976 quoque
1157 1914 1330 1958 arbore
1363 1912 1630 1958 suffimenti
1663 1927 1821 1973 genus

341 1995 571 2050 habetur,
611 1995 725 2041 ideo
765 2001 874 2040 tum
915 1994 1078 2039 electa
1119 1996 1354 2055 quoniam
1393 1993 1728 2037 coniunctioni
1769 1997 1821 2036 et

340 2074 453 2121 huic
479 2076 639 2120 arbori
665 2074 833 2120 Venus
857 2080 1078 2137 praeest,
1104 2071 1239 2118 haud
1264 2075 1364 2117 scio
1391 2088 1454 2116 an
1477 2073 1641 2134 prima
1667 2073 1821 2116 etiarn

341 2158 562 2201 omnium
582 2158 631 2199 in
646 2154 763 2200 locis
778 2153 988 2217 publicis
1006 2153 1194 2198 Romae
1213 2159 1340 2205 sata,
1358 2150 1563 2196 fatidico
1583 2150 1786 2212 quidem
1803 2149 1821 2177 2

343 2243 396 2281 et
428 2234 737 2280 memorabili
772 2236 995 2296 augurio.
1064 2235 1195 2278 inter
1229 2233 1572 2293 antiquissima
1605 2245 1820 2292 namque

679 2424 694 2448 ²
724 2423 990 2463 obtinentis?
1025 2421 1221 2472 Mayhoff
1235 2437 1243 2461 :
1275 2421 1489 2461 obtinens.

675 2477 690 2501 ²
721 2477 942 2528 quodam?
974 2475 1203 2515 Racklzam.
