1909 2998
234 650 286 687 59

238 1655 289 1692 60

567 213 811 259 PLINY:
875 212 1204 258 NATURAL
1249 211 1543 258 HISTORY

319 343 479 403 aegris
515 341 779 386 medentes
816 347 1010 385 cavent.
1079 356 1106 385 e
1145 342 1258 384 vino
1296 346 1349 385 et
1387 355 1516 401 aqua
1551 346 1793 385 cocuntur

320 447 471 503 atque
523 440 825 504 pulmentari
878 443 1038 486 vicem
1093 439 1303 503 inplent,
1358 439 1491 502 quod
1544 456 1643 485 non
1697 439 1794 485 alia

317 548 519 604 praeter
540 548 752 586 cotonea
776 557 832 586 ac
856 539 1097 586 struthea.

383 640 572 687 XVIII.
611 641 668 686 In
710 644 991 687 universum
1034 648 1205 687 autem
1242 640 1306 686 de
1340 643 1499 704 pomis
1541 641 1793 687 servandis

318 744 619 805 praecipitur
640 744 865 805 pomaria
896 745 947 786 in
977 741 1086 787 loco
1117 740 1299 804 frigido
1324 758 1380 786 ac
1404 744 1534 787 sicco
1557 742 1794 787 contabu-

317 842 423 898 lari,
462 842 935 906 septentrionalibus
977 841 1209 888 fenestris
1251 858 1430 888 sereno
1472 841 1554 888 die
1599 849 1794 906 patere,

319 950 509 989 austros
534 942 868 1006 specularibus
894 942 1089 997 arceri,1
1115 942 1357 1005 aquilonis
1383 959 1581 1005 quoque
1608 942 1794 988 adflatu

316 1060 465 1107 poma
480 1043 783 1107 deturpante
800 1046 950 1106 rugis,
966 1043 1130 1106 colligi
1146 1043 1277 1089 mala
1292 1050 1407 1106 post
1423 1046 1794 1106 aequinoctium

319 1147 561 1199 autumni,
594 1160 757 1207 neque
798 1151 916 1190 ante
957 1159 1039 1190 xvl
1087 1143 1256 1189 lunam
1296 1160 1461 1206 neque
1504 1143 1633 1190 ultra
1676 1143 1795 1190 duo-

318 1244 704 1300 detricesimam,
748 1261 840 1290 nec
880 1244 1047 1308 pluvio
1089 1244 1171 1290 die
1215 1261 1379 1307 neque
1423 1251 1542 1291 ante
1583 1248 1794 1308 primam

319 1343 506 1400 horam,
546 1345 720 1391 cadiva
760 1348 997 1408 separari,
1039 1348 1326 1391 stramentis
1368 1345 1536 1391 solidis
1575 1345 1794 1409 paleisve

319 1446 582 1501 substerni,
624 1462 734 1491 rara
774 1449 1005 1508 componi
1047 1452 1103 1491 ut
1143 1445 1328 1491 limites
1367 1449 1525 1509 pervii
1566 1449 1795 1509 spiritum

320 1546 579 1609 aequalem
651 1549 914 1609 accipiant.
1015 1546 1255 1592 Amerina
1317 1549 1535 1592 maxime
1601 1546 1795 1602 durare,

321 1646 570 1692 melimela
614 1650 833 1693 minime.
902 1650 1125 1693 cotoneis
1171 1650 1222 1692 in
1272 1646 1380 1692 loco
1423 1647 1556 1693 cluso
1577 1647 1596 1676 2
1645 1651 1796 1711 spira-

318 1755 545 1793 mentum
593 1764 740 1793 omne
788 1747 1114 1793 adimendum
1161 1754 1248 1793 aut
1295 1750 1493 1810 incoqui
1540 1747 1687 1794 melle
1736 1764 1795 1794 ea

318 1851 538 1910 mergive
591 1855 839 1911 oportere.
909 1846 1097 1893 Punica
1149 1864 1278 1910 aqua
1328 1851 1519 1893 marina
1569 1847 1794 1894 fervente

318 1949 554 2003 indurari,
576 1966 692 1993 mox
715 1948 882 1994 triduo
906 1948 1007 1994 sole
1032 1951 1219 1994 siccata
1241 1951 1313 1994 ita
1335 1965 1398 1994 ne
1422 1955 1665 1994 nocturno
1685 1965 1794 1994 rore

318 2052 675 2111 contingantur
702 2048 956 2112 suspendi,
985 2056 1037 2094 et
1064 2066 1176 2094 cum
1205 2049 1360 2094 libeat
1388 2052 1480 2104 uti,
1508 2065 1637 2111 aqua
1664 2048 1794 2095 dulci

318 2149 490 2212 perlui.
563 2148 635 2195 M.
670 2149 824 2194 Varro
856 2156 908 2194 et
938 2152 988 2194 in
1020 2149 1162 2194 doliis
1195 2148 1412 2195 harenae
1444 2152 1626 2195 servari
1656 2150 1795 2195 iubet

320 2257 373 2295 et
409 2253 657 2295 inmatura
694 2250 834 2294 obrui
872 2256 1007 2295 terra
1044 2252 1094 2294 in
1131 2249 1238 2294 ollis
1277 2248 1431 2295 fundo
1469 2249 1672 2296 effracto
1707 2249 1795 2295 sed

320 2352 494 2412 spiritu
543 2349 743 2395 excluso
791 2366 847 2394 ac
896 2349 1089 2395 surculo
1134 2352 1247 2412 pice
1294 2349 1462 2396 inlito:
1526 2352 1595 2395 sic
1642 2353 1794 2395 etiarn

733 2470 748 2494 ¹
779 2470 942 2508 arceri?
979 2469 1172 2519 Maykoff
1187 2485 1195 2508 :
1227 2483 1381 2509 arcere.

734 2523 749 2546 ²
779 2523 1018 2562 Raclclcam:
1050 2524 1092 2562 in
1114 2522 1326 2562 concluso.

319 2600 408 2659 328
