1909 2998
543 210 787 256 PLINY:
853 209 1181 257 NATURAL
1227 209 1522 257 HISTORY

291 342 391 383 vite
425 337 567 383 libari
590 340 703 382 vina
737 337 811 383 dis
845 337 986 383 nefas
1020 340 1218 392 statuit,
1251 340 1448 383 ratione
1483 340 1770 401 excogitata

290 422 346 460 ut
394 422 575 476 putare
609 421 910 476 cogerentur
946 413 1066 460 alias
1104 420 1326 460 aratores
1377 421 1429 460 et
1477 417 1605 477 pigri
1641 418 1770 461 circa

288 491 508 553 pericula
545 491 751 537 arbusti.
823 490 895 536 M.
936 490 1090 536 Varro
1129 498 1301 536 auctor
1340 497 1415 536 est
1456 490 1768 537 Mezentium

289 568 522 614 Etruriae
573 584 747 630 regem
799 566 1037 613 auxilium
1091 567 1286 613 Rutulis
1338 574 1511 614 contra
1564 567 1769 614 Latinos

288 645 461 691 tulisse
485 647 584 691 vini
606 643 839 691 mercede
864 644 998 706 quod
1019 651 1130 690 tum
1152 646 1204 689 in
1228 643 1411 690 Latino
1434 661 1554 707 agro
1576 643 1767 691 fuisset.

207 729 258 766 89
290 738 389 768 non
430 721 616 768 licebat
661 721 712 767 id
754 720 952 767 feminis
1000 720 1191 767 Romae
1237 721 1426 767 bibere.
1493 724 1769 768 invenimus

289 803 420 845 inter
486 797 717 860 exempla
784 797 971 860 Egnati
1028 797 1291 843 Maetenni
1358 814 1583 852 uxorem,
1638 797 1771 860 quod

289 879 457 921 vinum
494 875 703 921 bibisset
741 890 768 920 e
806 874 955 929 dolio,
991 874 1313 920 interfectam
1351 873 1471 920 fusti
1508 890 1537 919 a
1573 878 1770 930 marito,

290 968 506 1015 eumque
534 951 701 998 caedis
730 968 758 996 a
786 950 997 997 Romulo
1026 949 1326 997 absolutum.
1396 951 1576 997 Fabius
1605 951 1771 997 Pictor

288 1032 339 1074 in
369 1028 627 1074 annalibus
659 1031 757 1074 suis
787 1030 982 1089 scripsit
1011 1035 1314 1082 matronam,
1345 1027 1478 1090 quod
1507 1027 1690 1074 loculos
1719 1032 1770 1074 in

288 1106 466 1168 quibus
506 1112 649 1151 erant
685 1105 847 1151 claves
886 1103 1042 1150 cellae
1079 1107 1299 1150 vinariae
1336 1108 1704 1167 resignavisset,
1741 1122 1770 1151 a

204 1189 256 1228 90
288 1186 385 1229 suis
437 1182 606 1228 inedia
655 1184 779 1228 mori
830 1189 1075 1236 coactam,
1126 1181 1253 1227 Cato
1304 1181 1418 1227 ideo
1467 1184 1769 1244 propinquos

287 1259 484 1305 feminis
509 1258 731 1305 osculum
754 1258 875 1304 dare
899 1265 955 1304 ut
979 1261 1162 1305 scirent
1188 1274 1252 1303 an
1274 1264 1525 1304 temetum
1549 1258 1770 1305 olerent:

286 1336 378 1383 hoc
431 1343 541 1382 tum
594 1351 779 1381 nomen
830 1338 944 1380 vino
998 1342 1124 1390 erat,
1177 1334 1312 1381 unde
1366 1341 1418 1380 et
1470 1335 1770 1382 temulentia

287 1412 556 1475 appellata.
642 1412 731 1458 Cn.
776 1411 1028 1458 Domitius
1071 1411 1222 1458 iudex
1272 1414 1615 1473 pronuntiavit
1663 1429 1769 1458 mu-

286 1490 460 1536 lierem
483 1489 640 1535 videri
663 1488 773 1551 plus
799 1492 898 1534 vini
922 1489 1106 1535 bibisse
1132 1505 1284 1551 quam
1309 1488 1594 1535 valitudinis
1619 1505 1769 1536 causa

287 1570 389 1613 viro
433 1569 693 1622 insciente,
739 1572 792 1612 et
836 1565 956 1611 dote
1000 1565 1249 1611 multavit.
1317 1565 1504 1628 diuque
1550 1568 1653 1611 eius
1698 1568 1769 1612 rei

203 1651 250 1689 91
286 1660 470 1707 magna
535 1645 837 1705 parsimonia
901 1642 1013 1688 fuit.
1083 1641 1140 1688 L.
1209 1641 1432 1704 Papirius
1497 1644 1770 1704 imperator

288 1721 522 1767 adversus
565 1719 816 1765 Samnites
859 1719 1183 1765 dimicaturus
1227 1726 1399 1765 votum
1440 1718 1579 1774 fecit,
1620 1722 1661 1765 si
1702 1723 1770 1765 vi-

285 1801 452 1852 cisset,
518 1797 621 1842 Iovi
684 1795 918 1858 pocillum
981 1799 1097 1842 vini.
1164 1795 1382 1858 denique
1444 1798 1577 1842 inter
1639 1795 1770 1842 dona

286 1877 529 1921 sextarios
578 1872 760 1919 lactis1
811 1873 956 1919 datos
1009 1875 1304 1928 invenimus,
1355 1888 1601 1934 nusquam
1652 1875 1766 1918 vini.

286 1951 420 1997 idem
455 1950 583 1996 Cato
616 1967 728 1996 cum
762 1952 813 1994 in
848 1949 1143 2012 Hispaniam
1177 1952 1455 2012 navigaret,
1488 1949 1621 1995 unde
1655 1966 1766 1995 cum

285 2026 539 2090 triumpho
562 2027 728 2081 rediit,
746 2043 843 2071 non
867 2026 1002 2072 aliud
1024 2029 1192 2072 vinum
1212 2026 1339 2072 bibit
1363 2042 1513 2088 quam
1535 2028 1768 2088 remiges,

833 2144 848 2167 ¹
878 2143 1001 2181 lactis
1020 2142 1114 2181 add.
1137 2142 1225 2181 cdd.

402 2308 419 2326 ⁰
447 2303 483 2342 A
504 2304 749 2354 plantation
771 2303 819 2343 of
836 2308 945 2342 trees
966 2317 1021 2343 on
1041 2302 1182 2342 which
1202 2304 1322 2342 vines
1342 2316 1451 2342 were
1471 2302 1655 2342 trained.

393 2355 408 2380 ⁶
439 2357 596 2395 Lucius
628 2357 825 2408 Papirius
856 2357 1013 2397 Cursor
1043 2358 1088 2395 in
1118 2357 1197 2396 320
1221 2367 1302 2395 13.c.
1333 2357 1549 2396 retrieved
1577 2355 1652 2395 the
1681 2356 1764 2395 dis-

341 2414 457 2449 aster
486 2410 532 2450 of
560 2410 636 2449 the
666 2409 897 2461 preceding
927 2423 1031 2460 year
1062 2410 1187 2449 when
1217 2410 1293 2449 the
1323 2410 1497 2449 Roman
1523 2423 1649 2461 army
1676 2423 1763 2449 was

341 2463 584 2514 entrapped
602 2468 648 2502 at
669 2464 745 2503 the
766 2464 961 2503 Caudine
981 2463 1131 2503 Forks.

398 2524 412 2542 ⁶
443 2517 555 2556 Over
571 2517 646 2556 the
665 2516 877 2564 Celtiberi,
900 2518 976 2555 195
997 2527 1080 2555 B.c.
1156 2536 1158 2538 v

290 2583 377 2638 246
