1909 2998
589 205 833 251 PLINY:
899 204 1229 251 NATURAL
1272 204 1571 250 HISTORY

334 333 464 380 salsa
525 332 939 397 supplicantibus,
992 335 1146 377 immo
1198 348 1332 387 vero,
1384 338 1442 378 ut
1498 331 1666 394 palam
1725 339 1819 387 est,

252 422 303 459 84
331 414 645 478 placatiores.
714 430 887 459 verum
913 412 1132 458 Arabiae
1159 414 1438 458 etiamnum
1463 411 1657 458 felicius
1681 428 1818 458 mare

335 502 441 548 est3
488 511 551 540 ex
580 493 662 539 illo
692 509 909 555 namque
939 494 1239 555 margaritas
1268 494 1446 538 mittit.
1513 494 1819 554 minimaque

333 576 710 637 computatione
737 572 932 619 miliens
958 580 1177 619 centena
1202 571 1339 617 milia
1365 574 1654 618 sestertium
1680 575 1819 618 annis

334 655 562 700 omnibus
604 653 749 699 India
787 660 841 699 et
879 651 1026 699 Seres
1065 659 1119 698 et
1156 652 1453 715 paeninsula
1490 651 1575 697 illa
1611 655 1819 715 imperio

334 741 504 780 nostro
556 733 982 780 adimunt—tanti
1035 733 1176 778 nobis
1230 731 1442 778 deliciae
1497 739 1551 778 et
1601 731 1819 778 feminae

332 821 594 868 constant3
640 820 796 876 quota
823 815 957 859 enim
982 815 1148 876 portio
1177 829 1239 858 ex
1268 811 1364 858 illis
1393 811 1457 858 ad
1484 812 1605 859 deos
1634 829 1819 875 quaeso

333 896 434 940 iam
458 893 537 940 vel
562 892 627 940 ad
650 892 834 939 inferos
858 892 1117 956 pertinet?

251 982 303 1019 85
397 972 562 1019 XLII.
600 973 983 1019 Cinnamomum
1027 980 1079 1019 et
1120 975 1278 1019 casias
1326 971 1553 1019 fabulose
1600 976 1819 1019 narravit

334 1056 608 1116 antiquitas
654 1056 988 1117 princepsque
1038 1053 1328 1099 Herodotus
1377 1055 1543 1099 avium
1590 1053 1718 1099 nidis
1766 1061 1819 1100 et

332 1136 567 1198 privatim
592 1133 867 1197 phoenicis,
895 1136 945 1178 in
973 1150 1071 1196 quo
1098 1136 1199 1179 situ
1227 1133 1380 1179 Liber
1403 1140 1551 1196 pater
1578 1133 1819 1180 educatus

333 1221 484 1269 esset,
524 1230 587 1260 ex
625 1216 767 1259 inviis
807 1214 1012 1276 rupibus
1052 1213 1412 1275 arboribusque
1451 1213 1623 1260 decuti
1659 1217 1818 1260 carnis

326 1311 477 1357 quam
500 1296 639 1357 ipsae
663 1292 908 1340 inferrent
932 1292 1156 1356 pondere
1183 1300 1271 1339 aut
1294 1293 1568 1356 plumbatis
1593 1296 1818 1357 sagittis3

331 1377 458 1420 item
477 1376 663 1420 casiam
683 1376 815 1419 circa
833 1373 1045 1436 paludes
1066 1380 1420 1436 propugnante
1442 1374 1691 1436 unguibus
1712 1374 1818 1420 diro

332 1454 742 1517 vespertilionum
785 1469 974 1516 genere
1020 1453 1321 1516 aligerisque
1365 1455 1701 1517 serpentibus,
1742 1453 1818 1501 his

250 1542 302 1580 86
331 1537 628 1580 commentis
671 1541 918 1597 augentes
960 1550 1129 1580 rerum
1169 1536 1351 1597 pretia.
1419 1537 1662 1580 comitata
1701 1551 1818 1581 vero

331 1613 502 1660 fabula
539 1620 617 1660 est
655 1613 719 1660 ad
756 1613 1021 1660 meridiani
1059 1613 1174 1660 solis
1211 1630 1530 1677 repercussus
1567 1617 1818 1660 inenarra-

331 1694 484 1740 bilem
499 1693 752 1757 quendam
771 1696 1111 1740 universitatis
1126 1692 1340 1740 halitum
1357 1710 1383 1740 e
1400 1701 1512 1740 tota
1524 1695 1818 1758 paeninsula

331 1778 550 1822 existere
608 1781 689 1820 tot
748 1791 994 1837 generum
1055 1791 1207 1820 aurae
1268 1777 1493 1838 spirante
1552 1783 1817 1831 concentu,

334 1854 612 1918 Magnique
670 1854 948 1900 Alexandri
1005 1853 1244 1901 classibus
1304 1855 1544 1900 Arabiam
1600 1858 1817 1919 primum

332 1934 565 1981 odoribus
591 1937 879 1980 nuntiatam
905 1937 956 1979 in
983 1933 1377 1981 altum—omnia
1403 1933 1544 1991 falsa,
1570 1935 1816 1998 siquidem

329 2017 701 2061 cinnamomum
744 2013 982 2077 idemque
1027 2017 1314 2060 cinnamum
1359 2018 1581 2061 nascitur
1622 2017 1675 2060 in
1717 2016 1817 2062 Ae-

248 2103 299 2140 87
330 2093 522 2158 thiopia
547 2093 849 2157 Trogodytis
877 2094 1091 2140 conubio
1117 2097 1386 2158 permixta.
1455 2094 1506 2140 hi
1534 2103 1815 2142 mercantes

387 2257 405 2274 ⁰
435 2251 563 2290 Casia
580 2264 668 2290 was
688 2251 761 2290 the
783 2251 919 2297 wood‚
942 2251 1048 2290 bark
1070 2251 1155 2290 and
1175 2255 1284 2298 root,
1307 2251 1392 2290 and
1411 2251 1722 2292 cinnamomum
1740 2252 1814 2292 the

335 2303 486 2343 tendet
523 2303 684 2351 shoots‚
719 2310 800 2344 etc.
842 2304 927 2343 and
965 2304 1272 2351 fiower-heads‚
1313 2304 1362 2344 of
1396 2306 1567 2344 various
1606 2306 1731 2345 kinds
1770 2306 1819 2345 of

337 2359 564 2396 cinnamon
584 2357 634 2397 of
655 2357 802 2403 Cinna,
825 2358 966 2404 Tibet,
990 2358 1165 2404 Burma‚
1188 2358 1348 2409 Ceylon
1370 2359 1456 2397 and
1476 2358 1616 2406 India,
1639 2359 1719 2399 but
1739 2359 1813 2398 the

337 2411 528 2450 Romans
563 2411 805 2450 attributed
838 2410 913 2450 the
951 2411 1095 2461 plants
1133 2416 1181 2450 to
1212 2412 1323 2451 NE.
1354 2411 1501 2451 Africa
1534 2413 1621 2452 and
1652 2412 1813 2452 Arabia

337 2464 516 2503 because
536 2463 585 2503 of
599 2463 674 2503 the
692 2464 962 2503 trade-route
984 2464 1041 2515 by
1063 2463 1200 2503 which
1220 2464 1326 2516 they
1347 2477 1479 2505 came.

387 2516 403 2541 ⁶
432 2518 535 2557 Sent
556 2517 667 2557 from
688 2518 835 2569 Egypt
856 2517 943 2558 and
963 2518 1279 2571 Mesopotamia
1299 2519 1436 2558 round
1456 2518 1631 2558 Arabia.

330 2602 388 2648 62
