<?xml version="1.0" encoding="UTF-8"?>
<!DOCTYPE html PUBLIC "-//W3C//DTD XHTML 1.0 Transitional//EN"
    "http://www.w3.org/TR/xhtml1/DTD/xhtml1-transitional.dtd">
<html xmlns="http://www.w3.org/1999/xhtml" xml:lang="en" lang="en">
 <head>
  <title>
</title>
<meta http-equiv="Content-Type" content="text/html;charset=utf-8" />
  <meta name='ocr-system' content='tesseract 3.04.00' />
  <meta name='ocr-capabilities' content='ocr_page ocr_carea ocr_par ocr_line ocrx_word'/>
</head>
<body>
  <div class='ocr_page' id='page_1' title='image "./naturalhistory04plinuoft/naturalhistory04plinuoft_0388.png"; bbox 0 0 1909 2998; ppageno 0'>
   <div class='ocr_carea' id='block_1_1' title="bbox 598 195 1576 245">
    <p class='ocr_par' dir='ltr' id='par_1_1' title="bbox 598 195 1576 245">
     <span class='ocr_line' id='line_1_1' title="bbox 598 195 1576 245; baseline -0.004 0"><span class='ocrx_word' id='word_1_1' title='bbox 598 199 843 245; x_wconf 81' lang='lat' dir='ltr'>PLINY:</span> <span class='ocrx_word' id='word_1_2' title='bbox 906 197 1236 244; x_wconf 89' lang='lat' dir='ltr'><strong>NATURAL</strong></span> <span class='ocrx_word' id='word_1_3' title='bbox 1280 195 1576 243; x_wconf 89' lang='lat' dir='ltr'>HISTORY</span> 
     </span>
    </p>
   </div>
   <div class='ocr_carea' id='block_1_2' title="bbox 247 323 1826 2070">
    <p class='ocr_par' dir='ltr' id='par_1_2' title="bbox 247 323 1826 2070">
     <span class='ocr_line' id='line_1_2' title="bbox 345 323 1824 392; baseline -0.003 -17"><span class='ocrx_word' id='word_1_4' title='bbox 345 331 511 392; x_wconf 90' lang='lat' dir='ltr'><strong>coepit</strong></span> <span class='ocrx_word' id='word_1_5' title='bbox 551 327 783 390; x_wconf 85' lang='lat' dir='ltr'><strong>Augusta</strong></span> <span class='ocrx_word' id='word_1_6' title='bbox 823 325 1080 389; x_wconf 88' lang='lat' dir='ltr'><strong>appellari,</strong></span> <span class='ocrx_word' id='word_1_7' title='bbox 1121 323 1424 387; x_wconf 90' lang='lat' dir='ltr'><strong>amplissima</strong></span> <span class='ocrx_word' id='word_1_8' title='bbox 1464 329 1517 370; x_wconf 85' lang='lat' dir='ltr'><strong>et</strong></span> <span class='ocrx_word' id='word_1_9' title='bbox 1556 323 1730 370; x_wconf 88' lang='lat' dir='ltr'><strong>arbore</strong></span> <span class='ocrx_word' id='word_1_10' title='bbox 1771 330 1824 370; x_wconf 88' lang='lat' dir='ltr'><strong>et</strong></span> 
     </span>
     <span class='ocr_line' id='line_1_3' title="bbox 347 403 1822 468; baseline -0.004 -14"><span class='ocrx_word' id='word_1_11' title='bbox 347 408 481 464; x_wconf 88' lang='lat' dir='ltr'><strong>solio,</strong></span> <span class='ocrx_word' id='word_1_12' title='bbox 536 408 671 453; x_wconf 88' lang='lat' dir='ltr'><strong>bacis</strong></span> <span class='ocrx_word' id='word_1_13' title='bbox 727 413 936 468; x_wconf 84' lang='lat' dir='ltr'><strong>gustatu</strong></span> <span class='ocrx_word' id='word_1_14' title='bbox 993 421 1191 466; x_wconf 88' lang='lat' dir='ltr'><strong>quoque</strong></span> <span class='ocrx_word' id='word_1_15' title='bbox 1249 420 1348 449; x_wconf 92' lang='lat' dir='ltr'><strong>non</strong></span> <span class='ocrx_word' id='word_1_16' title='bbox 1405 406 1606 466; x_wconf 87' lang='lat' dir='ltr'><strong>asperis.</strong></span> <span class='ocrx_word' id='word_1_17' title='bbox 1674 403 1822 465; x_wconf 85' lang='lat' dir='ltr'>aliqui</span> 
     </span>
     <span class='ocr_line' id='line_1_4' title="bbox 345 481 1824 551; baseline -0.004 -17"><span class='ocrx_word' id='word_1_18' title='bbox 345 494 535 551; x_wconf 85' lang='lat' dir='ltr'><strong>negant</strong></span> <span class='ocrx_word' id='word_1_19' title='bbox 572 486 786 532; x_wconf 90' lang='lat' dir='ltr'><strong>eandem</strong></span> <span class='ocrx_word' id='word_1_20' title='bbox 823 501 929 530; x_wconf 89' lang='lat' dir='ltr'><strong>esse</strong></span> <span class='ocrx_word' id='word_1_21' title='bbox 967 491 1020 530; x_wconf 89' lang='lat' dir='ltr'><strong>et</strong></span> <span class='ocrx_word' id='word_1_22' title='bbox 1056 501 1200 529; x_wconf 89' lang='lat' dir='ltr'><strong>suum</strong></span> <span class='ocrx_word' id='word_1_23' title='bbox 1236 499 1394 546; x_wconf 87' lang='lat' dir='ltr'><strong>genus</strong></span> <span class='ocrx_word' id='word_1_24' title='bbox 1429 486 1599 546; x_wconf 82' lang='lat' dir='ltr'>regiae</span> <span class='ocrx_word' id='word_1_25' title='bbox 1635 481 1824 529; x_wconf 88' lang='lat' dir='ltr'><strong>faciunt</strong></span> 
     </span>
     <span class='ocr_line' id='line_1_5' title="bbox 249 562 1823 631; baseline -0.004 -16"><span class='ocrx_word' id='word_1_26' title='bbox 249 576 323 615; x_wconf 88' lang='lat'><strong>130</strong></span> <span class='ocrx_word' id='word_1_27' title='bbox 347 567 649 631; x_wconf 83' lang='lat' dir='ltr'>longioribus</span> <span class='ocrx_word' id='word_1_28' title='bbox 673 564 801 611; x_wconf 86' lang='lat' dir='ltr'><strong>foliis</strong></span> <span class='ocrx_word' id='word_1_29' title='bbox 825 565 1201 626; x_wconf 84' lang='lat' dir='ltr'><strong>latioribusque.</strong></span> <span class='ocrx_word' id='word_1_30' title='bbox 1268 563 1422 609; x_wconf 91' lang='lat' dir='ltr'><strong>iidem</strong></span> <span class='ocrx_word' id='word_1_31' title='bbox 1445 565 1495 608; x_wconf 90' lang='lat' dir='ltr'><strong>in</strong></span> <span class='ocrx_word' id='word_1_32' title='bbox 1521 562 1615 608; x_wconf 92' lang='lat' dir='ltr'><strong>alio</strong></span> <span class='ocrx_word' id='word_1_33' title='bbox 1638 579 1823 626; x_wconf 85' lang='lat' dir='ltr'><strong>genere</strong></span> 
     </span>
     <span class='ocr_line' id='line_1_6' title="bbox 345 642 1825 710; baseline -0.004 -16"><span class='ocrx_word' id='word_1_34' title='bbox 345 647 588 694; x_wconf 87' lang='lat' dir='ltr'><strong>bacaliam</strong></span> <span class='ocrx_word' id='word_1_35' title='bbox 649 645 906 710; x_wconf 86' lang='lat' dir='ltr'><strong>appellant</strong></span> <span class='ocrx_word' id='word_1_36' title='bbox 967 643 1094 689; x_wconf 88' lang='lat' dir='ltr'><strong>hanc</strong></span> <span class='ocrx_word' id='word_1_37' title='bbox 1157 660 1285 706; x_wconf 90' lang='lat' dir='ltr'><strong>quae</strong></span> <span class='ocrx_word' id='word_1_38' title='bbox 1347 642 1688 706; x_wconf 84' lang='lat' dir='ltr'><strong>vulgatissima</strong></span> <span class='ocrx_word' id='word_1_39' title='bbox 1748 649 1825 689; x_wconf 89' lang='lat' dir='ltr'><strong>est</strong></span> 
     </span>
     <span class='ocr_line' id='line_1_7' title="bbox 346 723 1825 789; baseline -0.003 -15"><span class='ocrx_word' id='word_1_40' title='bbox 346 729 682 789; x_wconf 84' lang='lat' dir='ltr'><strong>bacarumque</strong></span> <span class='ocrx_word' id='word_1_41' title='bbox 714 724 1036 779; x_wconf 84' lang='lat' dir='ltr'><strong>fertilissima,</strong></span> <span class='ocrx_word' id='word_1_42' title='bbox 1068 723 1292 770; x_wconf 89' lang='lat' dir='ltr'><strong>sterilem</strong></span> <span class='ocrx_word' id='word_1_43' title='bbox 1323 739 1440 769; x_wconf 89' lang='lat' dir='ltr'><strong>vero</strong></span> <span class='ocrx_word' id='word_1_44' title='bbox 1472 739 1660 779; x_wconf 89' lang='lat' dir='ltr'><strong>earum,</strong></span> <span class='ocrx_word' id='word_1_45' title='bbox 1692 724 1825 786; x_wconf 93' lang='lat' dir='ltr'><strong>quod</strong></span> 
     </span>
     <span class='ocr_line' id='line_1_8' title="bbox 345 802 1825 867; baseline -0.004 -13"><span class='ocrx_word' id='word_1_46' title='bbox 345 810 562 854; x_wconf 83' lang='lat' dir='ltr'><strong>maxime</strong></span> <span class='ocrx_word' id='word_1_47' title='bbox 606 809 772 861; x_wconf 90' lang='lat' dir='ltr'><strong>miror,</strong></span> <span class='ocrx_word' id='word_1_48' title='bbox 815 803 1188 867; x_wconf 78' lang='lat' dir='ltr'><strong>triumphalem,</strong></span> <span class='ocrx_word' id='word_1_49' title='bbox 1233 820 1393 866; x_wconf 90' lang='lat' dir='ltr'><strong>eaque</strong></span> <span class='ocrx_word' id='word_1_50' title='bbox 1437 802 1611 849; x_wconf 86' lang='lat' dir='ltr'><strong>dicunt</strong></span> <span class='ocrx_word' id='word_1_51' title='bbox 1653 807 1825 849; x_wconf 85' lang='lat' dir='ltr'><strong>trium-</strong></span> 
     </span>
     <span class='ocr_line' id='line_1_9' title="bbox 343 884 1826 952; baseline -0.003 -18"><span class='ocrx_word' id='word_1_52' title='bbox 343 888 558 952; x_wconf 87' lang='lat' dir='ltr'><strong>phantes</strong></span> <span class='ocrx_word' id='word_1_53' title='bbox 614 889 706 942; x_wconf 90' lang='lat' dir='ltr'><strong>uti,</strong></span> <span class='ocrx_word' id='word_1_54' title='bbox 747 887 839 931; x_wconf 88' lang='lat' dir='ltr'><strong>nisi</strong></span> <span class='ocrx_word' id='word_1_55' title='bbox 894 884 944 931; x_wconf 92' lang='lat' dir='ltr'><strong>id</strong></span> <span class='ocrx_word' id='word_1_56' title='bbox 999 901 1028 929; x_wconf 90' lang='lat' dir='ltr'><strong>a</strong></span> <span class='ocrx_word' id='word_1_57' title='bbox 1082 884 1196 930; x_wconf 91' lang='lat' dir='ltr'><strong>divo</strong></span> <span class='ocrx_word' id='word_1_58' title='bbox 1251 884 1482 947; x_wconf 86' lang='lat' dir='ltr'><strong>Augusto</strong></span> <span class='ocrx_word' id='word_1_59' title='bbox 1543 887 1727 946; x_wconf 90' lang='lat' dir='ltr'><strong>coepit,</strong></span> <span class='ocrx_word' id='word_1_60' title='bbox 1769 891 1826 930; x_wconf 91' lang='lat' dir='ltr'><strong>ut</strong></span> 
     </span>
     <span class='ocr_line' id='line_1_10' title="bbox 345 963 1824 1026; baseline -0.003 -11"><span class='ocrx_word' id='word_1_61' title='bbox 345 969 651 1022; x_wconf 82' lang='lat' dir='ltr'><strong>docebimus,</strong></span> <span class='ocrx_word' id='word_1_62' title='bbox 685 983 748 1012; x_wconf 85' lang='lat' dir='ltr'><strong>ex</strong></span> <span class='ocrx_word' id='word_1_63' title='bbox 772 965 790 995; x_wconf 84' lang='lat'>1</span> <span class='ocrx_word' id='word_1_64' title='bbox 825 981 885 1011; x_wconf 92' lang='lat' dir='ltr'><strong>ea</strong></span> <span class='ocrx_word' id='word_1_65' title='bbox 917 964 1059 1010; x_wconf 91' lang='lat' dir='ltr'><strong>lauru</strong></span> <span class='ocrx_word' id='word_1_66' title='bbox 1093 981 1222 1026; x_wconf 86' lang='lat' dir='ltr'><strong>quae</strong></span> <span class='ocrx_word' id='word_1_67' title='bbox 1257 967 1303 1010; x_wconf 91' lang='lat' dir='ltr'><strong>ei</strong></span> <span class='ocrx_word' id='word_1_68' title='bbox 1335 967 1484 1010; x_wconf 87' lang='lat' dir='ltr'><strong>missa</strong></span> <span class='ocrx_word' id='word_1_69' title='bbox 1517 980 1544 1010; x_wconf 95' lang='lat' dir='ltr'><strong>e</strong></span> <span class='ocrx_word' id='word_1_70' title='bbox 1577 963 1715 1010; x_wconf 90' lang='lat' dir='ltr'><strong>caelo</strong></span> <span class='ocrx_word' id='word_1_71' title='bbox 1749 972 1824 1011; x_wconf 85' lang='lat' dir='ltr'><strong>est</strong></span> 
     </span>
     <span class='ocr_line' id='line_1_11' title="bbox 346 1044 1822 1107; baseline -0.002 -13"><span class='ocrx_word' id='word_1_72' title='bbox 346 1051 550 1095; x_wconf 91' lang='lat' dir='ltr'><strong>minima</strong></span> <span class='ocrx_word' id='word_1_73' title='bbox 584 1045 869 1100; x_wconf 78' lang='lat' dir='ltr'><strong>altitudine,</strong></span> <span class='ocrx_word' id='word_1_74' title='bbox 904 1044 1021 1090; x_wconf 89' lang='lat' dir='ltr'><strong>folio</strong></span> <span class='ocrx_word' id='word_1_75' title='bbox 1056 1047 1234 1107; x_wconf 86' lang='lat' dir='ltr'><strong>crispo,</strong></span> <span class='ocrx_word' id='word_1_76' title='bbox 1268 1045 1423 1099; x_wconf 86' lang='lat' dir='ltr'><strong>brevi,</strong></span> <span class='ocrx_word' id='word_1_77' title='bbox 1458 1047 1666 1091; x_wconf 87' lang='lat' dir='ltr'><strong>inventu</strong></span> <span class='ocrx_word' id='word_1_78' title='bbox 1699 1061 1822 1091; x_wconf 87' lang='lat' dir='ltr'><strong>rara.</strong></span> 
     </span>
     <span class='ocr_line' id='line_1_12' title="bbox 345 1124 1825 1190; baseline -0.003 -15"><span class='ocrx_word' id='word_1_79' title='bbox 345 1128 540 1175; x_wconf 90' lang='lat' dir='ltr'><strong>accedit</strong></span> <span class='ocrx_word' id='word_1_80' title='bbox 588 1130 639 1172; x_wconf 90' lang='lat' dir='ltr'><strong>in</strong></span> <span class='ocrx_word' id='word_1_81' title='bbox 684 1128 898 1190; x_wconf 89' lang='lat' dir='ltr'><strong>topiario</strong></span> <span class='ocrx_word' id='word_1_82' title='bbox 939 1141 1091 1188; x_wconf 92' lang='lat' dir='ltr'><strong>opere</strong></span> <span class='ocrx_word' id='word_1_83' title='bbox 1142 1124 1362 1180; x_wconf 84' lang='lat' dir='ltr'><strong>Thasia‚²</strong></span> <span class='ocrx_word' id='word_1_84' title='bbox 1403 1131 1725 1171; x_wconf 76' lang='lat' dir='ltr'><strong>excrescente</strong></span> <span class='ocrx_word' id='word_1_85' title='bbox 1775 1128 1825 1170; x_wconf 93' lang='lat' dir='ltr'><strong>in</strong></span> 
     </span>
     <span class='ocr_line' id='line_1_13' title="bbox 344 1204 1826 1269; baseline -0.002 -14"><span class='ocrx_word' id='word_1_86' title='bbox 344 1209 511 1255; x_wconf 91' lang='lat' dir='ltr'><strong>medio</strong></span> <span class='ocrx_word' id='word_1_87' title='bbox 551 1206 668 1253; x_wconf 89' lang='lat' dir='ltr'><strong>folio</strong></span> <span class='ocrx_word' id='word_1_88' title='bbox 707 1205 910 1269; x_wconf 89' lang='lat' dir='ltr'><strong>parvola</strong></span> <span class='ocrx_word' id='word_1_89' title='bbox 951 1205 1106 1251; x_wconf 86' lang='lat' dir='ltr'><strong>veluti</strong></span> <span class='ocrx_word' id='word_1_90' title='bbox 1147 1205 1325 1250; x_wconf 88' lang='lat' dir='ltr'><strong>lacinia</strong></span> <span class='ocrx_word' id='word_1_91' title='bbox 1366 1204 1485 1260; x_wconf 90' lang='lat' dir='ltr'><strong>folii,</strong></span> <span class='ocrx_word' id='word_1_92' title='bbox 1526 1211 1580 1251; x_wconf 90' lang='lat' dir='ltr'><strong>et</strong></span> <span class='ocrx_word' id='word_1_93' title='bbox 1619 1208 1725 1252; x_wconf 87' lang='lat' dir='ltr'><strong>sine</strong></span> <span class='ocrx_word' id='word_1_94' title='bbox 1766 1223 1826 1252; x_wconf 88' lang='lat' dir='ltr'><strong>ea</strong></span> 
     </span>
     <span class='ocr_line' id='line_1_14' title="bbox 344 1288 1825 1352; baseline -0.003 -17"><span class='ocrx_word' id='word_1_95' title='bbox 344 1288 621 1352; x_wconf 89' lang='lat' dir='ltr'><strong>spadonina</strong></span> <span class='ocrx_word' id='word_1_96' title='bbox 653 1289 778 1332; x_wconf 93' lang='lat' dir='ltr'><strong>mira</strong></span> <span class='ocrx_word' id='word_1_97' title='bbox 810 1288 1075 1349; x_wconf 77' lang='lat' dir='ltr'><strong>opacitatis</strong></span> <span class='ocrx_word' id='word_1_98' title='bbox 1107 1288 1375 1349; x_wconf 86' lang='lat' dir='ltr'><strong>patientia,</strong></span> <span class='ocrx_word' id='word_1_99' title='bbox 1409 1288 1581 1348; x_wconf 88' lang='lat' dir='ltr'><strong>itaque</strong></span> <span class='ocrx_word' id='word_1_100' title='bbox 1616 1293 1825 1347; x_wconf 86' lang='lat' dir='ltr'><strong>quanta-</strong></span> 
     </span>
     <span class='ocr_line' id='line_1_15' title="bbox 248 1364 1825 1428; baseline -0.002 -13"><span class='ocrx_word' id='word_1_101' title='bbox 248 1376 318 1415; x_wconf 89' lang='grc'><strong>131</strong></span> <span class='ocrx_word' id='word_1_102' title='bbox 345 1369 502 1416; x_wconf 88' lang='lat' dir='ltr'><strong>libeat</strong></span> <span class='ocrx_word' id='word_1_103' title='bbox 547 1368 639 1414; x_wconf 89' lang='lat' dir='ltr'><strong>sub</strong></span> <span class='ocrx_word' id='word_1_104' title='bbox 686 1367 862 1412; x_wconf 91' lang='lat' dir='ltr'><strong>umbra</strong></span> <span class='ocrx_word' id='word_1_105' title='bbox 908 1365 1067 1411; x_wconf 88' lang='lat' dir='ltr'><strong>solum</strong></span> <span class='ocrx_word' id='word_1_106' title='bbox 1113 1365 1305 1428; x_wconf 86' lang='lat' dir='ltr'><strong>implet.</strong></span> <span class='ocrx_word' id='word_1_107' title='bbox 1375 1372 1452 1411; x_wconf 88' lang='lat' dir='ltr'><strong>est</strong></span> <span class='ocrx_word' id='word_1_108' title='bbox 1499 1372 1552 1411; x_wconf 89' lang='lat' dir='ltr'><strong>et</strong></span> <span class='ocrx_word' id='word_1_109' title='bbox 1596 1364 1825 1412; x_wconf 87' lang='lat' dir='ltr'><strong>chamae-</strong></span> 
     </span>
     <span class='ocr_line' id='line_1_16' title="bbox 345 1445 1823 1512; baseline -0.002 -17"><span class='ocrx_word' id='word_1_110' title='bbox 345 1447 545 1512; x_wconf 85' lang='lat' dir='ltr'><strong>daphne</strong></span> <span class='ocrx_word' id='word_1_111' title='bbox 572 1447 808 1493; x_wconf 87' lang='lat' dir='ltr'><strong>silvestris</strong></span> <span class='ocrx_word' id='word_1_112' title='bbox 835 1445 1003 1492; x_wconf 85' lang='lat' dir='ltr'><strong>frutex</strong></span> <span class='ocrx_word' id='word_1_113' title='bbox 1031 1452 1084 1492; x_wconf 83' lang='lat' dir='ltr'><strong>et</strong></span> <span class='ocrx_word' id='word_1_114' title='bbox 1110 1445 1470 1501; x_wconf 86' lang='lat' dir='ltr'><strong>Alexandrina,</strong></span> <span class='ocrx_word' id='word_1_115' title='bbox 1498 1462 1648 1508; x_wconf 88' lang='lat' dir='ltr'><strong>quam</strong></span> <span class='ocrx_word' id='word_1_116' title='bbox 1674 1446 1823 1509; x_wconf 87' lang='lat' dir='ltr'><strong>aliqui</strong></span> 
     </span>
     <span class='ocr_line' id='line_1_17' title="bbox 347 1525 1825 1590; baseline -0.002 -15"><span class='ocrx_word' id='word_1_117' title='bbox 347 1528 570 1583; x_wconf 82' lang='lat' dir='ltr'><strong>Idaeam,</strong></span> <span class='ocrx_word' id='word_1_118' title='bbox 606 1526 687 1572; x_wconf 90' lang='lat' dir='ltr'><strong>alii</strong></span> <span class='ocrx_word' id='word_1_119' title='bbox 730 1525 1101 1590; x_wconf 88' lang='lat' dir='ltr'><strong>hypoglottion,</strong></span> <span class='ocrx_word' id='word_1_120' title='bbox 1146 1525 1228 1571; x_wconf 90' lang='lat' dir='ltr'><strong>alii</strong></span> <span class='ocrx_word' id='word_1_121' title='bbox 1271 1525 1488 1581; x_wconf 88' lang='lat' dir='ltr'><strong>danaen,</strong></span> <span class='ocrx_word' id='word_1_122' title='bbox 1532 1525 1613 1571; x_wconf 91' lang='lat' dir='ltr'><strong>alii</strong></span> <span class='ocrx_word' id='word_1_123' title='bbox 1655 1543 1825 1589; x_wconf 88' lang='lat' dir='ltr'><strong>carpo-</strong></span> 
     </span>
     <span class='ocr_line' id='line_1_18' title="bbox 343 1605 1825 1672; baseline -0.001 -18"><span class='ocrx_word' id='word_1_124' title='bbox 343 1608 565 1672; x_wconf 86' lang='lat' dir='ltr'><strong>phyllon,</strong></span> <span class='ocrx_word' id='word_1_125' title='bbox 616 1607 697 1652; x_wconf 88' lang='lat' dir='ltr'><strong>alii</strong></span> <span class='ocrx_word' id='word_1_126' title='bbox 746 1605 1020 1669; x_wconf 87' lang='lat' dir='ltr'><strong>hypelaten</strong></span> <span class='ocrx_word' id='word_1_127' title='bbox 1071 1612 1266 1652; x_wconf 88' lang='lat' dir='ltr'><strong>vocant.</strong></span> <span class='ocrx_word' id='word_1_128' title='bbox 1347 1622 1509 1651; x_wconf 87' lang='lat' dir='ltr'><strong>ramos</strong></span> <span class='ocrx_word' id='word_1_129' title='bbox 1558 1609 1748 1669; x_wconf 88' lang='lat' dir='ltr'><strong>spargit</strong></span> <span class='ocrx_word' id='word_1_130' title='bbox 1796 1623 1825 1652; x_wconf 90' lang='lat' dir='ltr'><strong>a</strong></span> 
     </span>
     <span class='ocr_line' id='line_1_19' title="bbox 348 1684 1822 1749; baseline -0.001 -15"><span class='ocrx_word' id='word_1_131' title='bbox 348 1688 514 1735; x_wconf 88' lang='lat' dir='ltr'><strong>radice</strong></span> <span class='ocrx_word' id='word_1_132' title='bbox 557 1686 894 1742; x_wconf 87' lang='lat' dir='ltr'><strong>dodrantales,</strong></span> <span class='ocrx_word' id='word_1_133' title='bbox 938 1688 1179 1731; x_wconf 88' lang='lat' dir='ltr'><strong>coronarii</strong></span> <span class='ocrx_word' id='word_1_134' title='bbox 1222 1688 1401 1749; x_wconf 88' lang='lat' dir='ltr'><strong>operis,</strong></span> <span class='ocrx_word' id='word_1_135' title='bbox 1445 1684 1561 1731; x_wconf 89' lang='lat' dir='ltr'><strong>folio</strong></span> <span class='ocrx_word' id='word_1_136' title='bbox 1605 1688 1822 1732; x_wconf 88' lang='lat' dir='ltr'><strong>acutiore</strong></span> 
     </span>
     <span class='ocr_line' id='line_1_20' title="bbox 346 1765 1824 1831; baseline -0.002 -16"><span class='ocrx_word' id='word_1_137' title='bbox 346 1785 496 1831; x_wconf 90' lang='lat' dir='ltr'><strong>quam</strong></span> <span class='ocrx_word' id='word_1_138' title='bbox 531 1770 682 1830; x_wconf 89' lang='lat' dir='ltr'><strong>myrti</strong></span> <span class='ocrx_word' id='word_1_139' title='bbox 720 1783 778 1813; x_wconf 89' lang='lat' dir='ltr'><strong>ac</strong></span> <span class='ocrx_word' id='word_1_140' title='bbox 822 1765 1044 1812; x_wconf 90' lang='lat' dir='ltr'><strong>molliore</strong></span> <span class='ocrx_word' id='word_1_141' title='bbox 1091 1773 1144 1812; x_wconf 82' lang='lat' dir='ltr'><strong>et</strong></span> <span class='ocrx_word' id='word_1_142' title='bbox 1187 1765 1476 1812; x_wconf 87' lang='lat' dir='ltr'><strong>candidiore</strong></span> <span class='ocrx_word' id='word_1_143' title='bbox 1522 1772 1576 1812; x_wconf 91' lang='lat' dir='ltr'><strong>et</strong></span> <span class='ocrx_word' id='word_1_144' title='bbox 1621 1769 1824 1822; x_wconf 91' lang='lat' dir='ltr'><strong>maiore,</strong></span> 
     </span>
     <span class='ocr_line' id='line_1_21' title="bbox 344 1845 1824 1908; baseline -0.002 -14"><span class='ocrx_word' id='word_1_145' title='bbox 344 1850 533 1895; x_wconf 90' lang='lat' dir='ltr'><strong>semine</strong></span> <span class='ocrx_word' id='word_1_146' title='bbox 576 1850 708 1892; x_wconf 87' lang='lat' dir='ltr'><strong>inter</strong></span> <span class='ocrx_word' id='word_1_147' title='bbox 750 1845 867 1892; x_wconf 90' lang='lat' dir='ltr'><strong>folia</strong></span> <span class='ocrx_word' id='word_1_148' title='bbox 909 1846 1074 1901; x_wconf 90' lang='lat' dir='ltr'><strong>rubro,</strong></span> <span class='ocrx_word' id='word_1_149' title='bbox 1116 1845 1330 1908; x_wconf 88' lang='lat' dir='ltr'><strong>plurima</strong></span> <span class='ocrx_word' id='word_1_150' title='bbox 1371 1848 1422 1890; x_wconf 94' lang='lat' dir='ltr'><strong>in</strong></span> <span class='ocrx_word' id='word_1_151' title='bbox 1466 1845 1558 1892; x_wconf 88' lang='lat' dir='ltr'><strong>Ida</strong></span> <span class='ocrx_word' id='word_1_152' title='bbox 1601 1853 1654 1892; x_wconf 88' lang='lat' dir='ltr'><strong>et</strong></span> <span class='ocrx_word' id='word_1_153' title='bbox 1694 1848 1824 1891; x_wconf 89' lang='lat' dir='ltr'><strong>circa</strong></span> 
     </span>
     <span class='ocr_line' id='line_1_22' title="bbox 247 1924 1822 1988; baseline -0.001 -15"><span class='ocrx_word' id='word_1_154' title='bbox 247 1934 322 1973; x_wconf 85' lang='lat'><strong>132</strong></span> <span class='ocrx_word' id='word_1_155' title='bbox 348 1927 644 1974; x_wconf 87' lang='lat' dir='ltr'><strong>Heracleam</strong></span> <span class='ocrx_word' id='word_1_156' title='bbox 675 1924 838 1981; x_wconf 89' lang='lat' dir='ltr'><strong>Ponti,</strong></span> <span class='ocrx_word' id='word_1_157' title='bbox 868 1942 960 1971; x_wconf 92' lang='lat' dir='ltr'><strong>nec</strong></span> <span class='ocrx_word' id='word_1_158' title='bbox 989 1928 1081 1971; x_wconf 84' lang='lat' dir='ltr'><strong>nisi</strong></span> <span class='ocrx_word' id='word_1_159' title='bbox 1110 1929 1160 1970; x_wconf 92' lang='lat' dir='ltr'><strong>in</strong></span> <span class='ocrx_word' id='word_1_160' title='bbox 1187 1928 1477 1971; x_wconf 89' lang='lat' dir='ltr'><strong>montuosis.</strong></span> <span class='ocrx_word' id='word_1_161' title='bbox 1546 1925 1596 1971; x_wconf 94' lang='lat' dir='ltr'><strong>id</strong></span> <span class='ocrx_word' id='word_1_162' title='bbox 1625 1942 1822 1988; x_wconf 89' lang='lat' dir='ltr'><strong>quoque</strong></span> 
     </span>
     <span class='ocr_line' id='line_1_23' title="bbox 345 2005 1822 2070; baseline -0.001 -17"><span class='ocrx_word' id='word_1_163' title='bbox 345 2007 478 2070; x_wconf 88' lang='lat' dir='ltr'><strong>quod</strong></span> <span class='ocrx_word' id='word_1_164' title='bbox 509 2005 806 2067; x_wconf 87' lang='lat' dir='ltr'><strong>daphnoidis</strong></span> <span class='ocrx_word' id='word_1_165' title='bbox 840 2013 1044 2051; x_wconf 86' lang='lat' dir='ltr'><strong>vocatur</strong></span> <span class='ocrx_word' id='word_1_166' title='bbox 1069 2022 1227 2068; x_wconf 85' lang='lat' dir='ltr'><strong>genus</strong></span> <span class='ocrx_word' id='word_1_167' title='bbox 1260 2008 1310 2050; x_wconf 90' lang='lat' dir='ltr'><strong>in</strong></span> <span class='ocrx_word' id='word_1_168' title='bbox 1343 2007 1599 2051; x_wconf 91' lang='lat' dir='ltr'><strong>nominum</strong></span> <span class='ocrx_word' id='word_1_169' title='bbox 1631 2006 1822 2052; x_wconf 90' lang='lat' dir='ltr'><strong>ambitu</strong></span> 
     </span>
    </p>
   </div>
   <div class='ocr_carea' id='block_1_3' title="bbox 904 2114 1263 2208">
    <p class='ocr_par' dir='ltr' id='par_1_3' title="bbox 904 2114 1263 2208">
     <span class='ocr_line' id='line_1_24' title="bbox 904 2114 1263 2166; baseline 0.003 -13"><span class='ocrx_word' id='word_1_170' title='bbox 904 2115 920 2139; x_wconf 82' lang='lat'>²</span> <span class='ocrx_word' id='word_1_171' title='bbox 949 2118 1024 2154; x_wconf 78' lang='lat' dir='ltr'><strong>et?</strong></span> <span class='ocrx_word' id='word_1_172' title='bbox 1058 2114 1263 2166; x_wconf 76' lang='lat' dir='ltr'><strong>Mayhoff.</strong></span> 
     </span>
     <span class='ocr_line' id='line_1_25' title="bbox 905 2167 1178 2208; baseline -0.004 0"><span class='ocrx_word' id='word_1_173' title='bbox 905 2169 921 2193; x_wconf 72' lang='lat'>²</span> <span class='ocrx_word' id='word_1_174' title='bbox 957 2167 1036 2208; x_wconf 65' lang='lat' dir='ltr'><strong>VJ.</strong></span> <span class='ocrx_word' id='word_1_175' title='bbox 1059 2172 1178 2208; x_wconf 78' lang='lat' dir='ltr'><strong>taxa.</strong></span> 
     </span>
    </p>
   </div>
   <div class='ocr_carea' id='block_1_4' title="bbox 347 2335 1821 2547">
    <p class='ocr_par' dir='ltr' id='par_1_4' title="bbox 347 2335 1821 2430">
     <span class='ocr_line' id='line_1_26' title="bbox 405 2335 1821 2388; baseline 0.001 -13"><span class='ocrx_word' id='word_1_176' title='bbox 405 2342 422 2360; x_wconf 84' lang='lat'><em>⁰</em></span> <span class='ocrx_word' id='word_1_177' title='bbox 452 2335 462 2351; x_wconf 90' lang='lat'>‘</span> <span class='ocrx_word' id='word_1_178' title='bbox 481 2336 600 2376; x_wconf 82' lang='lat' dir='ltr'><strong>With</strong></span> <span class='ocrx_word' id='word_1_179' title='bbox 631 2349 655 2375; x_wconf 90' lang='lat' dir='ltr'><strong>a</strong></span> <span class='ocrx_word' id='word_1_180' title='bbox 686 2340 845 2386; x_wconf 81' lang='lat' dir='ltr'><strong>tongue</strong></span> <span class='ocrx_word' id='word_1_181' title='bbox 876 2336 1010 2375; x_wconf 86' lang='lat' dir='ltr'><strong>below</strong></span> <span class='ocrx_word' id='word_1_182' title='bbox 1030 2335 1068 2375; x_wconf 76' lang='grc' dir='ltr'>ἐ</span> <span class='ocrx_word' id='word_1_183' title='bbox 1116 2336 1204 2374; x_wconf 85' lang='lat' dir='ltr'><strong>this</strong></span> <span class='ocrx_word' id='word_1_184' title='bbox 1234 2349 1371 2375; x_wconf 79' lang='lat' dir='ltr'><strong>seems</strong></span> <span class='ocrx_word' id='word_1_185' title='bbox 1400 2349 1517 2376; x_wconf 86' lang='lat' dir='ltr'><strong>more</strong></span> <span class='ocrx_word' id='word_1_186' title='bbox 1547 2337 1821 2388; x_wconf 79' lang='lat' dir='ltr'><strong>appropriate</strong></span> 
     </span>
     <span class='ocr_line' id='line_1_27' title="bbox 347 2390 1266 2430; baseline 0 -1"><span class='ocrx_word' id='word_1_187' title='bbox 347 2394 394 2430; x_wconf 81' lang='lat' dir='ltr'><strong>to</strong></span> <span class='ocrx_word' id='word_1_188' title='bbox 415 2390 489 2429; x_wconf 79' lang='lat' dir='ltr'><strong>the</strong></span> <span class='ocrx_word' id='word_1_189' title='bbox 511 2391 675 2429; x_wconf 80' lang='lat' dir='ltr'><strong>Thasos</strong></span> <span class='ocrx_word' id='word_1_190' title='bbox 696 2391 829 2429; x_wconf 86' lang='lat' dir='ltr'><strong>laurel</strong></span> <span class='ocrx_word' id='word_1_191' title='bbox 850 2390 1094 2428; x_wconf 82' lang='lat' dir='ltr'><strong>mentioned</strong></span> <span class='ocrx_word' id='word_1_192' title='bbox 1116 2390 1266 2429; x_wconf 84' lang='lat' dir='ltr'><strong>above.</strong></span> 
     </span>
    </p>

    <p class='ocr_par' dir='ltr' id='par_1_5' title="bbox 407 2442 1348 2493">
     <span class='ocr_line' id='line_1_28' title="bbox 407 2442 1348 2493; baseline -0.001 -11"><span class='ocrx_word' id='word_1_193' title='bbox 407 2444 422 2466; x_wconf 75' lang='lat'><em>⁶</em></span> <span class='ocrx_word' id='word_1_194' title='bbox 452 2444 461 2459; x_wconf 90' lang='lat'>‘</span> <span class='ocrx_word' id='word_1_195' title='bbox 481 2443 599 2483; x_wconf 83' lang='lat' dir='ltr'><strong>With</strong></span> <span class='ocrx_word' id='word_1_196' title='bbox 619 2443 693 2482; x_wconf 84' lang='lat' dir='ltr'><strong>the</strong></span> <span class='ocrx_word' id='word_1_197' title='bbox 714 2443 837 2493; x_wconf 88' lang='lat' dir='ltr'><strong>berry</strong></span> <span class='ocrx_word' id='word_1_198' title='bbox 856 2442 1060 2481; x_wconf 81' lang='lat' dir='ltr'><strong>attached</strong></span> <span class='ocrx_word' id='word_1_199' title='bbox 1079 2447 1125 2481; x_wconf 80' lang='lat' dir='ltr'><strong>to</strong></span> <span class='ocrx_word' id='word_1_200' title='bbox 1145 2443 1217 2481; x_wconf 80' lang='lat' dir='ltr'><strong>the</strong></span> <span class='ocrx_word' id='word_1_201' title='bbox 1236 2442 1348 2482; x_wconf 81' lang='lat' dir='ltr'><strong>leaf.’</strong></span> 
     </span>
    </p>

    <p class='ocr_par' dir='ltr' id='par_1_6' title="bbox 404 2495 1414 2547">
     <span class='ocr_line' id='line_1_29' title="bbox 404 2495 1414 2547; baseline 0 -11"><span class='ocrx_word' id='word_1_202' title='bbox 404 2502 419 2522; x_wconf 79' lang='lat'><strong>⁰</strong></span> <span class='ocrx_word' id='word_1_203' title='bbox 450 2495 459 2512; x_wconf 87' lang='lat'>‘</span> <span class='ocrx_word' id='word_1_204' title='bbox 477 2496 703 2547; x_wconf 88' lang='lat' dir='ltr'><strong>Throwing</strong></span> <span class='ocrx_word' id='word_1_205' title='bbox 724 2501 800 2535; x_wconf 77' lang='lat' dir='ltr'><strong>out</strong></span> <span class='ocrx_word' id='word_1_206' title='bbox 821 2496 969 2535; x_wconf 81' lang='lat' dir='ltr'><strong>shoots</strong></span> <span class='ocrx_word' id='word_1_207' title='bbox 988 2495 1099 2535; x_wconf 83' lang='lat' dir='ltr'><strong>from</strong></span> <span class='ocrx_word' id='word_1_208' title='bbox 1120 2495 1414 2536; x_wconf 61' lang='lat' dir='ltr'><strong>underneath!</strong></span> 
     </span>
    </p>
   </div>
   <div class='ocr_carea' id='block_1_5' title="bbox 348 2573 437 2632">
    <p class='ocr_par' dir='ltr' id='par_1_7' title="bbox 348 2573 437 2632">
     <span class='ocr_line' id='line_1_30' title="bbox 348 2573 437 2632; baseline -0.011 0"><span class='ocrx_word' id='word_1_209' title='bbox 348 2573 437 2632; x_wconf 86' lang='lat'><strong>376</strong></span> 
     </span>
    </p>
   </div>
  </div>
 </body>
</html>
