1909 2998
216 643 263 681 17

216 1347 264 1385 18

218 2154 267 2192 19

548 208 791 255 PLINY:
855 207 1184 254 NATURAL
1229 208 1525 255 HISTORY

297 338 543 398 optinent.
614 338 714 381 iam
742 338 794 381 in
825 338 1098 382 montuosis
1126 335 1388 399 planisque
1413 336 1620 393 distant,
1645 340 1773 384 sicut

298 442 350 481 et
385 452 509 482 sexu
540 452 703 482 mares
736 452 793 482 ac
822 434 1058 491 feminae,
1086 439 1212 482 item
1241 452 1445 499 sapore:
1492 436 1775 483 dulcissima

297 539 518 582 omnium
543 535 662 599 fagi,
683 543 740 582 ut
765 552 864 599 qua
889 536 1115 582 obsessos
1141 539 1296 582 etiam
1321 535 1546 584 homines
1571 537 1774 584 durasse

297 640 347 682 in
372 636 554 700 oppido
588 635 710 682 Chio
738 636 908 682 tradat
935 635 1189 682 Cornelius
1216 636 1518 684 Alexander.
1586 655 1774 701 genera

296 737 604 800 distinguere
624 753 723 783 non
748 737 897 784 datur
922 738 1219 793 nominibus,
1241 754 1369 800 quae
1390 744 1506 784 sunt
1526 737 1622 784 alia
1641 738 1775 795 alibi,

298 840 482 901 quippe
505 854 618 884 cum
639 838 789 884 robur
811 854 1150 900 quercumque
1174 838 1322 901 vulgo
1345 841 1480 884 nasci
1502 838 1776 895 videamus,

297 938 549 985 aesculum
574 955 673 985 non
699 939 902 1001 ubique,
928 946 1158 1001 quartam
1184 955 1300 985 vero
1325 942 1524 1002 generis
1550 939 1775 986 eiusdem

298 1055 426 1101 quae
466 1055 631 1085 cerrus
672 1046 877 1085 vocatur
916 1055 980 1085 ne
1023 1038 1200 1085 Italiae
1243 1039 1446 1102 quidem
1486 1042 1671 1086 maiore
1713 1057 1775 1087 ex

294 1146 440 1203 parte
476 1146 649 1186 notam
685 1156 807 1186 esse.
876 1139 1241 1202 distinguemus
1295 1156 1414 1202 ergo
1463 1143 1776 1203 proprietate

297 1247 576 1303 naturaque
600 1247 669 1296 et,
685 1240 769 1286 ubi
791 1256 869 1286 res
885 1247 1052 1303 coget,
1076 1243 1232 1286 etiam
1253 1239 1457 1286 Graecis
1475 1241 1772 1288 nominibus.

358 1340 472 1387 VII.
514 1341 634 1403 Fagi
685 1340 826 1404 glans
862 1340 1066 1387 vnucleis
1124 1340 1293 1387 similis
1351 1341 1603 1404 triangula
1658 1349 1774 1390 cute

297 1442 578 1489 includitur.
645 1441 818 1488 folium
842 1449 998 1488 tenue
1026 1448 1180 1504 atque
1207 1459 1233 1488 e
1259 1441 1536 1498 levissimis,
1556 1442 1774 1506 populeo

297 1542 472 1599 simile,
491 1542 748 1590 celerrime
767 1541 1039 1589 flavescens
1062 1549 1115 1588 et
1131 1542 1300 1588 media
1311 1549 1458 1606 parte
1473 1542 1771 1607 plerumque

297 1647 508 1706 gignens
540 1660 753 1707 superne
781 1643 1036 1707 parvolam
1065 1643 1243 1689 bacam
1272 1642 1481 1689 viridem
1515 1647 1773 1692 cacumine

298 1744 591 1790 aculeatam.
659 1742 831 1806 fagum
860 1744 1080 1789 muribus
1100 1746 1440 1807 gratissimum
1461 1750 1555 1799 est,
1576 1750 1629 1790 et
1658 1744 1773 1791 ideo

299 1844 523 1890 animalis
555 1847 660 1891 eius
686 1860 785 1890 una
808 1851 1108 1907 proventus3
1156 1844 1306 1907 glires
1332 1861 1531 1908 quoque
1557 1847 1770 1908 saginat,

299 1944 506 2008 expedit
543 1952 596 1991 et
631 1945 804 1991 turdis.
873 1945 1104 1991 arborum
1141 1944 1374 1992 fertilitas
1411 1948 1631 1992 omniurn
1668 1944 1774 1993 fere

300 2046 534 2101 alternat,
558 2046 648 2092 sed
671 2048 889 2092 maxime
914 2045 1031 2109 fagi.

363 2145 506 2192 VIII.
547 2146 796 2192 Glandem
838 2163 966 2209 quae
1007 2149 1207 2210 proprie
1249 2146 1559 2210 intellegitur
1606 2146 1774 2194 ferunt

298 2247 463 2302 robur,
480 2263 706 2309 quercus,
723 2247 962 2303 aesculus,
978 2263 1160 2303 cerrus,
1177 2247 1293 2302 ilex,
1309 2247 1471 2294 suber.
1515 2250 1775 2295 continent

299 2346 492 2410 hispido
512 2347 680 2410 calyce
701 2363 792 2410 per
812 2363 1000 2410 genera
1020 2347 1130 2411 plus
1153 2350 1376 2393 minusve
1399 2347 1770 2411 conplectente.

299 2446 415 2493 folia
440 2455 642 2511 praeter
667 2447 831 2494 ilicem
857 2450 1043 2512 gravia,
1071 2464 1292 2505 carnosa,
1318 2465 1542 2512 procera,
1571 2451 1772 2496 sinuosa

296 2600 386 2660 398
