1909 2998
234 501 287 538 44

232 900 284 938 45

230 1540 281 1578 46

227 2102 279 2138 47

570 206 814 252 PLINY:
877 206 1206 252 NATURAL
1251 206 1547 253 HISTORY

320 333 447 380 lares
485 350 656 380 eorum
691 351 892 396 myxae,
929 350 1059 396 quae
1096 340 1149 380 et
1183 336 1323 396 ipsae
1360 350 1491 380 nunc
1526 350 1786 397 coeperun

319 413 506 459 Romae
531 416 666 460 nasci
689 416 868 460 insitae
893 417 943 459 in
966 414 1137 460 sorbis.

382 493 528 539 XIII.
567 493 626 539 In
662 500 827 540 totum
864 494 1067 556 quidem
1107 492 1305 540 Persica
1343 496 1611 557 peregrina
1639 496 1793 540 etiam

317 573 466 619 Asiae
484 573 825 636 Graeciaeque
844 591 951 620 esse
968 591 1030 620 ex
1048 576 1248 620 nomine
1268 576 1376 637 ipso
1396 580 1623 637 apparet,
1640 581 1792 637 atque

318 670 379 699 ex
397 651 598 700 Perside
618 653 844 701 advecta.
904 653 994 700 sed
1011 670 1172 716 pruna
1190 653 1436 700 silvestria
1453 654 1639 716 ubique
1658 657 1794 700 nasci

315 740 509 779 certum
535 740 628 789 est,
649 750 746 796 quo
767 736 925 796 magis
946 737 1096 779 miror
1114 733 1260 780 huius
1278 736 1417 797 pomi
1435 736 1745 780 mentionem
1765 750 1794 778 a

317 813 507 859 Catone
562 830 662 859 non
715 813 956 870 habitam,
1011 816 1310 877 praesertim
1365 830 1479 860 cum
1531 813 1795 860 condenda

316 893 684 940 demonstraret
717 894 966 956 quaedam
1000 901 1053 940 et
1085 894 1345 940 silvestria.
1415 910 1532 939 nam
1566 892 1793 940 Persicae

316 974 513 1020 arbores
538 990 648 1020 sero
675 982 728 1020 et
753 991 866 1020 cum
891 974 1186 1020 difficultate
1214 977 1478 1030 transiere,
1504 981 1561 1020 ut
1588 990 1715 1037 quae
1741 977 1792 1019 in

315 1053 490 1099 Rhodo
514 1053 634 1099 nihil
658 1053 841 1110 ferant,
866 1054 1000 1117 quod
1022 1058 1240 1117 primum
1266 1055 1329 1100 ab
1354 1055 1595 1118 Aegypto
1619 1071 1791 1101 earum

315 1133 479 1180 fuerat
500 1132 785 1197 hospitium.
853 1133 1033 1180 falsum
1057 1141 1134 1180 est
1157 1141 1411 1180 venenata
1433 1151 1547 1180 cum
1568 1137 1790 1180 cruciatu

314 1216 364 1258 in
383 1211 541 1260 Persis
559 1217 698 1277 gigni
717 1221 768 1260 et
784 1231 1062 1277 poenarum
1079 1231 1229 1260 causa
1248 1215 1310 1260 ab
1329 1215 1531 1277 regibus
1548 1214 1793 1260 translata

313 1295 364 1338 in
405 1294 698 1357 Aegyptum
741 1301 876 1340 terra
917 1297 1152 1357 mitigata
1167 1309 1178 1349 ;
1238 1294 1290 1340 id
1333 1297 1466 1340 enim
1509 1294 1574 1340 de
1614 1311 1793 1358 persea

314 1372 657 1436 diligentiores
690 1374 914 1430 tradunt,
949 1391 1077 1436 quae
1110 1377 1161 1419 in
1193 1382 1359 1420 totum
1392 1374 1488 1420 alia
1521 1381 1598 1421 est
1629 1377 1792 1437 myxis

313 1454 606 1500 rubentibus
643 1454 814 1500 similis
852 1471 945 1500 nec
983 1461 1127 1500 extra
1163 1457 1412 1500 orientem
1448 1457 1584 1500 nasei
1620 1454 1789 1501 voluit.

314 1550 425 1579 eam
484 1551 682 1596 quoque
741 1535 1037 1580 eruditiores
1095 1541 1408 1597 negaverunt
1466 1551 1529 1580 ex
1587 1532 1790 1581 Perside

310 1620 517 1677 propter
547 1614 789 1677 supplicia
819 1615 1132 1670 translatam,
1164 1614 1254 1660 sed
1286 1631 1315 1660 a
1346 1612 1528 1660 Perseo
1562 1613 1790 1678 Memphi

311 1701 489 1750 satam,
515 1701 567 1740 et
592 1695 655 1740 ob
679 1694 730 1740 id
755 1694 1101 1740 Alexandrum
1128 1694 1212 1739 illa
1237 1698 1460 1740 coronari
1487 1697 1698 1741 victores
1722 1696 1789 1741 ibi

311 1777 581 1820 instituisse
607 1777 657 1820 in
677 1774 917 1821 honorem
939 1778 1072 1820 atavi
1095 1778 1186 1820 sui.
1257 1791 1456 1838 semper
1478 1782 1650 1821 autem
1672 1774 1790 1821 folia

310 1853 464 1900 habet
519 1862 571 1901 et
623 1871 773 1917 poma
826 1856 1240 1901 subnascentibus
1298 1855 1419 1901 aliis.
1488 1855 1577 1901 sed
1629 1873 1790 1918 pruna

311 1951 507 1997 quoque
549 1938 714 1980 omnia
752 1942 866 1998 post
908 1936 1152 1981 Catonem
1193 1939 1421 1998 coepisse
1463 1935 1787 1982 manifestum

311 2017 420 2060 erit.

374 2095 508 2141 XIV.
548 2094 796 2141 Malorum
818 2095 960 2159 plura
983 2103 1099 2142 sunt
1122 2113 1325 2159 genera.
1395 2096 1459 2142 de
1483 2099 1650 2143 citreis
1673 2114 1786 2144 cum

309 2191 398 2220 sua
438 2176 611 2221 arbore
651 2175 882 2231 diximus,
927 2175 1130 2222 Medica
1171 2184 1343 2222 autem
1386 2177 1566 2223 Graeci
1608 2186 1786 2224 vocant

359 2364 376 2381 ‘¹
406 2359 495 2398 The
511 2372 658 2409 persea
684 2360 717 2398 is
743 2360 817 2398 the
844 2360 1020 2399 modern
1047 2361 1288 2411 Mimusops
1315 2362 1566 2412 Schimperi,
1597 2362 1682 2401 and
1710 2363 1785 2402 the

306 2426 426 2462 myra
446 2413 481 2450 is
502 2412 574 2451 the
595 2415 773 2453 modern
790 2414 980 2452 sebasten.

363 2465 378 2488 ὁ
409 2465 644 2504 Instituted
664 2466 722 2516 by
736 2465 976 2504 Alexander
992 2467 1035 2504 in
1053 2467 1218 2505 honour
1230 2467 1278 2505 of
1290 2467 1364 2506 the
1382 2467 1482 2507 hero
1500 2468 1690 2516 Perseus,
1707 2481 1783 2508 son

309 2518 357 2556 of
372 2519 493 2565 Zeus,
515 2518 625 2557 from
646 2519 787 2557 whom
807 2520 859 2558 he
881 2520 1060 2559 claimed
1081 2521 1269 2560 descent.

308 2597 396 2654 318
