<?xml version="1.0" encoding="UTF-8"?>
<!DOCTYPE html PUBLIC "-//W3C//DTD XHTML 1.0 Transitional//EN"
    "http://www.w3.org/TR/xhtml1/DTD/xhtml1-transitional.dtd">
<html xmlns="http://www.w3.org/1999/xhtml" xml:lang="en" lang="en">
 <head>
  <title>
</title>
<meta http-equiv="Content-Type" content="text/html;charset=utf-8" />
  <meta name='ocr-system' content='tesseract 3.04.00' />
  <meta name='ocr-capabilities' content='ocr_page ocr_carea ocr_par ocr_line ocrx_word'/>
</head>
<body>
  <div class='ocr_page' id='page_1' title='image "./naturalhistory04plinuoft/naturalhistory04plinuoft_0346.png"; bbox 0 0 1909 2998; ppageno 0'>
   <div class='ocr_carea' id='block_1_1' title="bbox 207 824 258 861">
    <p class='ocr_par' dir='ltr' id='par_1_1' title="bbox 207 824 258 861">
     <span class='ocr_line' id='line_1_1' title="bbox 207 824 258 861; baseline 0 0"><span class='ocrx_word' id='word_1_1' title='bbox 207 824 258 861; x_wconf 88' lang='lat'>67</span> 
     </span>
    </p>
   </div>
   <div class='ocr_carea' id='block_1_2' title="bbox 206 1793 257 1831">
    <p class='ocr_par' dir='ltr' id='par_1_2' title="bbox 206 1793 257 1831">
     <span class='ocr_line' id='line_1_2' title="bbox 206 1793 257 1831; baseline 0 0"><span class='ocrx_word' id='word_1_2' title='bbox 206 1793 257 1831; x_wconf 84' lang='lat'>68</span> 
     </span>
    </p>
   </div>
   <div class='ocr_carea' id='block_1_3' title="bbox 543 205 1520 252">
    <p class='ocr_par' dir='ltr' id='par_1_3' title="bbox 543 205 1520 252">
     <span class='ocr_line' id='line_1_3' title="bbox 543 205 1520 252; baseline 0.001 -2"><span class='ocrx_word' id='word_1_3' title='bbox 543 205 787 251; x_wconf 86' lang='lat' dir='ltr'>PLINY:</span> <span class='ocrx_word' id='word_1_4' title='bbox 851 206 1180 252; x_wconf 89' lang='lat' dir='ltr'><strong>NATURAL</strong></span> <span class='ocrx_word' id='word_1_5' title='bbox 1225 205 1520 252; x_wconf 86' lang='lat' dir='ltr'>HISTORY</span> 
     </span>
    </p>
   </div>
   <div class='ocr_carea' id='block_1_4' title="bbox 287 332 1769 2325">
    <p class='ocr_par' dir='ltr' id='par_1_4' title="bbox 287 332 1769 1753">
     <span class='ocr_line' id='line_1_4' title="bbox 292 332 1768 395; baseline 0 -18"><span class='ocrx_word' id='word_1_6' title='bbox 292 333 493 395; x_wconf 87' lang='lat' dir='ltr'>Liguria</span> <span class='ocrx_word' id='word_1_7' title='bbox 519 335 770 378; x_wconf 82' lang='lat' dir='ltr'>maritima</span> <span class='ocrx_word' id='word_1_8' title='bbox 795 332 1006 395; x_wconf 86' lang='lat' dir='ltr'><strong>Alpibus</strong></span> <span class='ocrx_word' id='word_1_9' title='bbox 1030 335 1260 395; x_wconf 89' lang='lat' dir='ltr'>proxima</span> <span class='ocrx_word' id='word_1_10' title='bbox 1285 349 1404 378; x_wconf 90' lang='lat' dir='ltr'>uvas</span> <span class='ocrx_word' id='word_1_11' title='bbox 1430 332 1532 378; x_wconf 93' lang='lat' dir='ltr'>sole</span> <span class='ocrx_word' id='word_1_12' title='bbox 1559 334 1768 379; x_wconf 88' lang='lat' dir='ltr'>siccatas</span> 
     </span>
     <span class='ocr_line' id='line_1_5' title="bbox 291 428 1766 494; baseline 0 -20"><span class='ocrx_word' id='word_1_13' title='bbox 291 432 420 475; x_wconf 89' lang='lat' dir='ltr'>iunci</span> <span class='ocrx_word' id='word_1_14' title='bbox 440 428 615 475; x_wconf 83' lang='lat' dir='ltr'>fasceis</span> <span class='ocrx_word' id='word_1_15' title='bbox 635 428 840 474; x_wconf 88' lang='lat' dir='ltr'>involvit</span> <span class='ocrx_word' id='word_1_16' title='bbox 859 429 1096 491; x_wconf 88' lang='lat' dir='ltr'>cadisque</span> <span class='ocrx_word' id='word_1_17' title='bbox 1117 428 1344 475; x_wconf 88' lang='lat' dir='ltr'>conditas</span> <span class='ocrx_word' id='word_1_18' title='bbox 1365 446 1523 494; x_wconf 84' lang='lat' dir='ltr'>gypso</span> <span class='ocrx_word' id='word_1_19' title='bbox 1542 428 1766 475; x_wconf 89' lang='lat' dir='ltr'>includit.</span> 
     </span>
     <span class='ocr_line' id='line_1_6' title="bbox 290 524 1769 588; baseline 0 -17"><span class='ocrx_word' id='word_1_20' title='bbox 290 524 382 571; x_wconf 91' lang='lat' dir='ltr'>hoc</span> <span class='ocrx_word' id='word_1_21' title='bbox 406 526 541 571; x_wconf 88' lang='lat' dir='ltr'>idern</span> <span class='ocrx_word' id='word_1_22' title='bbox 568 526 747 572; x_wconf 89' lang='lat' dir='ltr'>Graeci</span> <span class='ocrx_word' id='word_1_23' title='bbox 770 525 961 588; x_wconf 88' lang='lat' dir='ltr'>platani</span> <span class='ocrx_word' id='word_1_24' title='bbox 988 524 1116 571; x_wconf 91' lang='lat' dir='ltr'>foliis</span> <span class='ocrx_word' id='word_1_25' title='bbox 1143 532 1231 571; x_wconf 88' lang='lat' dir='ltr'>aut</span> <span class='ocrx_word' id='word_1_26' title='bbox 1258 528 1371 571; x_wconf 91' lang='lat' dir='ltr'>vitis</span> <span class='ocrx_word' id='word_1_27' title='bbox 1396 528 1549 588; x_wconf 91' lang='lat' dir='ltr'>ipsius</span> <span class='ocrx_word' id='word_1_28' title='bbox 1576 532 1664 572; x_wconf 88' lang='lat' dir='ltr'>aut</span> <span class='ocrx_word' id='word_1_29' title='bbox 1691 525 1769 571; x_wconf 91' lang='lat' dir='ltr'>fici</span> 
     </span>
     <span class='ocr_line' id='line_1_7' title="bbox 290 621 1768 685; baseline 0 -18"><span class='ocrx_word' id='word_1_30' title='bbox 290 639 388 668; x_wconf 90' lang='lat' dir='ltr'>uno</span> <span class='ocrx_word' id='word_1_31' title='bbox 430 622 511 668; x_wconf 90' lang='lat' dir='ltr'>die</span> <span class='ocrx_word' id='word_1_32' title='bbox 552 625 603 667; x_wconf 92' lang='lat' dir='ltr'>in</span> <span class='ocrx_word' id='word_1_33' title='bbox 645 623 822 668; x_wconf 89' lang='lat' dir='ltr'>umbra</span> <span class='ocrx_word' id='word_1_34' title='bbox 862 624 1057 668; x_wconf 79' lang='lat' dir='ltr'>siccatis</span> <span class='ocrx_word' id='word_1_35' title='bbox 1101 629 1253 685; x_wconf 89' lang='lat' dir='ltr'>atque</span> <span class='ocrx_word' id='word_1_36' title='bbox 1295 625 1347 667; x_wconf 91' lang='lat' dir='ltr'>in</span> <span class='ocrx_word' id='word_1_37' title='bbox 1387 621 1512 668; x_wconf 89' lang='lat' dir='ltr'>cado</span> <span class='ocrx_word' id='word_1_38' title='bbox 1554 624 1768 668; x_wconf 84' lang='lat' dir='ltr'><strong>vinaceis</strong></span> 
     </span>
     <span class='ocr_line' id='line_1_8' title="bbox 289 718 1768 782; baseline 0.001 -18"><span class='ocrx_word' id='word_1_39' title='bbox 289 722 623 782; x_wconf 81' lang='lat' dir='ltr'>interpositis3</span> <span class='ocrx_word' id='word_1_40' title='bbox 672 736 769 782; x_wconf 90' lang='lat' dir='ltr'>quo</span> <span class='ocrx_word' id='word_1_41' title='bbox 819 735 1007 782; x_wconf 79' lang='lat' dir='ltr'><strong>genere</strong></span> <span class='ocrx_word' id='word_1_42' title='bbox 1050 719 1153 765; x_wconf 90' lang='lat' dir='ltr'>Coa</span> <span class='ocrx_word' id='word_1_43' title='bbox 1195 736 1290 765; x_wconf 90' lang='lat' dir='ltr'>uva</span> <span class='ocrx_word' id='word_1_44' title='bbox 1331 726 1383 766; x_wconf 87' lang='lat' dir='ltr'>et</span> <span class='ocrx_word' id='word_1_45' title='bbox 1424 718 1631 782; x_wconf 89' lang='lat' dir='ltr'>Berytia</span> <span class='ocrx_word' id='word_1_46' title='bbox 1667 735 1768 765; x_wconf 92' lang='lat' dir='ltr'>ser-</span> 
     </span>
     <span class='ocr_line' id='line_1_9' title="bbox 291 815 1767 879; baseline 0.001 -18"><span class='ocrx_word' id='word_1_47' title='bbox 291 823 484 872; x_wconf 90' lang='lat' dir='ltr'>vantur,</span> <span class='ocrx_word' id='word_1_48' title='bbox 528 816 707 862; x_wconf 91' lang='lat' dir='ltr'>nullius</span> <span class='ocrx_word' id='word_1_49' title='bbox 746 819 981 862; x_wconf 84' lang='lat' dir='ltr'>suavitati</span> <span class='ocrx_word' id='word_1_50' title='bbox 1028 815 1401 879; x_wconf 89' lang='lat' dir='ltr'>postferendae.</span> <span class='ocrx_word' id='word_1_51' title='bbox 1471 815 1674 879; x_wconf 90' lang='lat' dir='ltr'>quidam</span> <span class='ocrx_word' id='word_1_52' title='bbox 1711 823 1767 862; x_wconf 84' lang='lat' dir='ltr'>ut</span> 
     </span>
     <span class='ocr_line' id='line_1_10' title="bbox 290 912 1768 976; baseline 0 -17"><span class='ocrx_word' id='word_1_53' title='bbox 290 912 377 959; x_wconf 93' lang='lat' dir='ltr'>has</span> <span class='ocrx_word' id='word_1_54' title='bbox 413 912 600 959; x_wconf 87' lang='lat' dir='ltr'>faciant</span> <span class='ocrx_word' id='word_1_55' title='bbox 634 917 686 959; x_wconf 90' lang='lat' dir='ltr'>in</span> <span class='ocrx_word' id='word_1_56' title='bbox 720 916 886 960; x_wconf 88' lang='lat' dir='ltr'>cinere</span> <span class='ocrx_word' id='word_1_57' title='bbox 925 913 1075 959; x_wconf 90' lang='lat' dir='ltr'>lixivo</span> <span class='ocrx_word' id='word_1_58' title='bbox 1112 916 1317 976; x_wconf 87' lang='lat' dir='ltr'>tingunt</span> <span class='ocrx_word' id='word_1_59' title='bbox 1351 916 1579 976; x_wconf 87' lang='lat' dir='ltr'>protinus</span> <span class='ocrx_word' id='word_1_60' title='bbox 1617 930 1768 976; x_wconf 89' lang='lat' dir='ltr'>quam</span> 
     </span>
     <span class='ocr_line' id='line_1_11' title="bbox 289 1010 1767 1074; baseline 0 -18"><span class='ocrx_word' id='word_1_61' title='bbox 289 1010 554 1056; x_wconf 77' lang='lat' dir='ltr'><strong>detraxere</strong></span> <span class='ocrx_word' id='word_1_62' title='bbox 588 1011 788 1065; x_wconf 85' lang='lat' dir='ltr'>vitibus,</span> <span class='ocrx_word' id='word_1_63' title='bbox 816 1028 932 1056; x_wconf 90' lang='lat' dir='ltr'>mox</span> <span class='ocrx_word' id='word_1_64' title='bbox 966 1014 1017 1056; x_wconf 92' lang='lat' dir='ltr'>in</span> <span class='ocrx_word' id='word_1_65' title='bbox 1050 1010 1152 1056; x_wconf 91' lang='lat' dir='ltr'>sole</span> <span class='ocrx_word' id='word_1_66' title='bbox 1187 1013 1377 1056; x_wconf 79' lang='lat' dir='ltr'>siccant</span> <span class='ocrx_word' id='word_1_67' title='bbox 1408 1027 1680 1074; x_wconf 86' lang='lat' dir='ltr'>passasque</span> <span class='ocrx_word' id='word_1_68' title='bbox 1715 1013 1767 1056; x_wconf 90' lang='lat' dir='ltr'>in</span> 
     </span>
     <span class='ocr_line' id='line_1_12' title="bbox 290 1107 1768 1170; baseline 0.001 -18"><span class='ocrx_word' id='word_1_69' title='bbox 290 1124 471 1170; x_wconf 90' lang='lat' dir='ltr'>aquam</span> <span class='ocrx_word' id='word_1_70' title='bbox 497 1107 709 1154; x_wconf 80' lang='lat' dir='ltr'>calidam</span> <span class='ocrx_word' id='word_1_71' title='bbox 737 1114 973 1170; x_wconf 89' lang='lat' dir='ltr'>mergunt</span> <span class='ocrx_word' id='word_1_72' title='bbox 1002 1115 1054 1153; x_wconf 91' lang='lat' dir='ltr'>et</span> <span class='ocrx_word' id='word_1_73' title='bbox 1081 1110 1266 1153; x_wconf 90' lang='lat' dir='ltr'>iterum</span> <span class='ocrx_word' id='word_1_74' title='bbox 1294 1107 1395 1154; x_wconf 89' lang='lat' dir='ltr'>sole</span> <span class='ocrx_word' id='word_1_75' title='bbox 1424 1109 1629 1162; x_wconf 78' lang='lat' dir='ltr'>siccant,</span> <span class='ocrx_word' id='word_1_76' title='bbox 1657 1114 1768 1154; x_wconf 89' lang='lat' dir='ltr'>tum</span> 
     </span>
     <span class='ocr_line' id='line_1_13' title="bbox 289 1203 1766 1268; baseline 0.001 -19"><span class='ocrx_word' id='word_1_77' title='bbox 289 1203 432 1259; x_wconf 87' lang='lat' dir='ltr'>foliis,</span> <span class='ocrx_word' id='word_1_78' title='bbox 457 1211 514 1250; x_wconf 89' lang='lat' dir='ltr'>ut</span> <span class='ocrx_word' id='word_1_79' title='bbox 539 1221 687 1267; x_wconf 90' lang='lat' dir='ltr'>supra</span> <span class='ocrx_word' id='word_1_80' title='bbox 711 1204 901 1250; x_wconf 91' lang='lat' dir='ltr'>dictum</span> <span class='ocrx_word' id='word_1_81' title='bbox 928 1211 1022 1260; x_wconf 84' lang='lat' dir='ltr'>est,</span> <span class='ocrx_word' id='word_1_82' title='bbox 1046 1204 1293 1250; x_wconf 89' lang='lat' dir='ltr'>involutas</span> <span class='ocrx_word' id='word_1_83' title='bbox 1318 1206 1534 1250; x_wconf 85' lang='lat' dir='ltr'>vinaceis</span> <span class='ocrx_word' id='word_1_84' title='bbox 1559 1207 1766 1268; x_wconf 72' lang='lat' dir='ltr'>stipant.</span> 
     </span>
     <span class='ocr_line' id='line_1_14' title="bbox 290 1287 1768 1363; baseline 0 -17"><span class='ocrx_word' id='word_1_85' title='bbox 290 1308 405 1347; x_wconf 89' lang='lat' dir='ltr'>sunt</span> <span class='ocrx_word' id='word_1_86' title='bbox 444 1303 527 1363; x_wconf 92' lang='lat' dir='ltr'>qui</span> <span class='ocrx_word' id='word_1_87' title='bbox 565 1301 759 1346; x_wconf 89' lang='lat' dir='ltr'>malunt</span> <span class='ocrx_word' id='word_1_88' title='bbox 797 1318 916 1347; x_wconf 88' lang='lat' dir='ltr'>uvas</span> <span class='ocrx_word' id='word_1_89' title='bbox 954 1304 1005 1346; x_wconf 92' lang='lat' dir='ltr'>in</span> <span class='ocrx_word' id='word_1_90' title='bbox 1043 1302 1191 1347; x_wconf 91' lang='lat' dir='ltr'>scobe</span> <span class='ocrx_word' id='word_1_91' title='bbox 1230 1287 1532 1347; x_wconf 86' lang='lat' dir='ltr'>ramentisve</span> <span class='ocrx_word' id='word_1_92' title='bbox 1571 1301 1768 1357; x_wconf 89' lang='lat' dir='ltr'>abietis,</span> 
     </span>
     <span class='ocr_line' id='line_1_15' title="bbox 287 1396 1767 1461; baseline 0.001 -18"><span class='ocrx_word' id='word_1_93' title='bbox 287 1397 474 1460; x_wconf 91' lang='lat' dir='ltr'>populi,</span> <span class='ocrx_word' id='word_1_94' title='bbox 518 1396 697 1443; x_wconf 87' lang='lat' dir='ltr'>fraxini</span> <span class='ocrx_word' id='word_1_95' title='bbox 741 1413 966 1452; x_wconf 83' lang='lat' dir='ltr'>servare3</span> <span class='ocrx_word' id='word_1_96' title='bbox 1029 1405 1145 1444; x_wconf 92' lang='lat' dir='ltr'>sunt</span> <span class='ocrx_word' id='word_1_97' title='bbox 1190 1401 1273 1460; x_wconf 89' lang='lat' dir='ltr'>qui</span> <span class='ocrx_word' id='word_1_98' title='bbox 1318 1397 1555 1460; x_wconf 89' lang='lat' dir='ltr'>suspendi</span> <span class='ocrx_word' id='word_1_99' title='bbox 1596 1397 1767 1461; x_wconf 91' lang='lat' dir='ltr'>procul</span> 
     </span>
     <span class='ocr_line' id='line_1_16' title="bbox 290 1494 1767 1558; baseline 0.001 -18"><span class='ocrx_word' id='word_1_100' title='bbox 290 1494 429 1540; x_wconf 90' lang='lat' dir='ltr'>malis</span> <span class='ocrx_word' id='word_1_101' title='bbox 444 1498 771 1558; x_wconf 90' lang='lat' dir='ltr'>protinusque</span> <span class='ocrx_word' id='word_1_102' title='bbox 788 1498 839 1540; x_wconf 90' lang='lat' dir='ltr'>in</span> <span class='ocrx_word' id='word_1_103' title='bbox 855 1497 1095 1558; x_wconf 86' lang='lat' dir='ltr'>granariis</span> <span class='ocrx_word' id='word_1_104' title='bbox 1111 1495 1305 1550; x_wconf 90' lang='lat' dir='ltr'>iubent,</span> <span class='ocrx_word' id='word_1_105' title='bbox 1324 1498 1560 1557; x_wconf 89' lang='lat' dir='ltr'>quoniam</span> <span class='ocrx_word' id='word_1_106' title='bbox 1576 1497 1767 1557; x_wconf 89' lang='lat' dir='ltr'>optime</span> 
     </span>
     <span class='ocr_line' id='line_1_17' title="bbox 288 1591 1766 1656; baseline 0 -18"><span class='ocrx_word' id='word_1_107' title='bbox 288 1595 442 1638; x_wconf 86' lang='lat' dir='ltr'>siccet</span> <span class='ocrx_word' id='word_1_108' title='bbox 487 1591 764 1638; x_wconf 85' lang='lat' dir='ltr'>frumenti1</span> <span class='ocrx_word' id='word_1_109' title='bbox 810 1593 985 1656; x_wconf 88' lang='lat' dir='ltr'>pulvis.</span> <span class='ocrx_word' id='word_1_110' title='bbox 1052 1592 1325 1656; x_wconf 89' lang='lat' dir='ltr'>pensilibus</span> <span class='ocrx_word' id='word_1_111' title='bbox 1372 1599 1546 1638; x_wconf 87' lang='lat' dir='ltr'>contra</span> <span class='ocrx_word' id='word_1_112' title='bbox 1592 1609 1766 1656; x_wconf 89' lang='lat' dir='ltr'>vespas</span> 
     </span>
     <span class='ocr_line' id='line_1_18' title="bbox 287 1689 1765 1753; baseline 0.001 -19"><span class='ocrx_word' id='word_1_113' title='bbox 287 1689 510 1735; x_wconf 89' lang='lat' dir='ltr'>remedio</span> <span class='ocrx_word' id='word_1_114' title='bbox 529 1697 605 1735; x_wconf 88' lang='lat' dir='ltr'>est</span> <span class='ocrx_word' id='word_1_115' title='bbox 624 1689 733 1735; x_wconf 95' lang='lat' dir='ltr'>oleo</span> <span class='ocrx_word' id='word_1_116' title='bbox 753 1689 986 1752; x_wconf 86' lang='lat' dir='ltr'>adspergi</span> <span class='ocrx_word' id='word_1_117' title='bbox 1006 1706 1068 1735; x_wconf 88' lang='lat' dir='ltr'>ex</span> <span class='ocrx_word' id='word_1_118' title='bbox 1087 1706 1187 1735; x_wconf 87' lang='lat' dir='ltr'>ore.</span> <span class='ocrx_word' id='word_1_119' title='bbox 1256 1689 1320 1735; x_wconf 94' lang='lat' dir='ltr'>de</span> <span class='ocrx_word' id='word_1_120' title='bbox 1337 1689 1515 1753; x_wconf 88' lang='lat' dir='ltr'>palmis</span> <span class='ocrx_word' id='word_1_121' title='bbox 1535 1689 1765 1738; x_wconf 78' lang='lat' dir='ltr'>diximus,</span> 
     </span>
    </p>

    <p class='ocr_par' dir='ltr' id='par_1_5' title="bbox 289 1785 1768 2325">
     <span class='ocr_line' id='line_1_19' title="bbox 353 1785 1768 1849; baseline 0.001 -18"><span class='ocrx_word' id='word_1_122' title='bbox 353 1785 491 1831; x_wconf 90' lang='lat' dir='ltr'><strong>XIX.</strong></span> <span class='ocrx_word' id='word_1_123' title='bbox 528 1786 571 1831; x_wconf 91' lang='lat' dir='ltr'>E</span> <span class='ocrx_word' id='word_1_124' title='bbox 600 1786 789 1849; x_wconf 91' lang='lat' dir='ltr'>reliquo</span> <span class='ocrx_word' id='word_1_125' title='bbox 813 1803 1000 1849; x_wconf 89' lang='lat' dir='ltr'>genere</span> <span class='ocrx_word' id='word_1_126' title='bbox 1029 1803 1291 1849; x_wconf 87' lang='lat' dir='ltr'>pomorum</span> <span class='ocrx_word' id='word_1_127' title='bbox 1317 1786 1436 1832; x_wconf 87' lang='lat' dir='ltr'>ficus</span> <span class='ocrx_word' id='word_1_128' title='bbox 1466 1786 1768 1849; x_wconf 89' lang='lat' dir='ltr'>amplissima</span> 
     </span>
     <span class='ocr_line' id='line_1_20' title="bbox 291 1882 1765 1946; baseline 0.001 -19"><span class='ocrx_word' id='word_1_129' title='bbox 291 1890 383 1937; x_wconf 87' lang='lat' dir='ltr'>est,</span> <span class='ocrx_word' id='word_1_130' title='bbox 438 1883 787 1945; x_wconf 89' lang='lat' dir='ltr'>quaedamque</span> <span class='ocrx_word' id='word_1_131' title='bbox 842 1890 894 1928; x_wconf 92' lang='lat' dir='ltr'>et</span> <span class='ocrx_word' id='word_1_132' title='bbox 945 1886 1064 1946; x_wconf 92' lang='lat' dir='ltr'>piris</span> <span class='ocrx_word' id='word_1_133' title='bbox 1117 1882 1466 1946; x_wconf 86' lang='lat' dir='ltr'>magnitudine</span> <span class='ocrx_word' id='word_1_134' title='bbox 1522 1882 1765 1930; x_wconf 91' lang='lat' dir='ltr'>aemulae.</span> 
     </span>
     <span class='ocr_line' id='line_1_21' title="bbox 289 1979 1768 2043; baseline 0.002 -19"><span class='ocrx_word' id='word_1_135' title='bbox 289 1979 353 2025; x_wconf 92' lang='lat' dir='ltr'>de</span> <span class='ocrx_word' id='word_1_136' title='bbox 388 1979 674 2042; x_wconf 83' lang='lat' dir='ltr'>Aegyptiae</span> <span class='ocrx_word' id='word_1_137' title='bbox 711 1979 1025 2043; x_wconf 91' lang='lat' dir='ltr'>Cypriaeque</span> <span class='ocrx_word' id='word_1_138' title='bbox 1061 1979 1307 2026; x_wconf 91' lang='lat' dir='ltr'>miraculis</span> <span class='ocrx_word' id='word_1_139' title='bbox 1341 1979 1601 2026; x_wconf 88' lang='lat' dir='ltr'>retulimus</span> <span class='ocrx_word' id='word_1_140' title='bbox 1635 1983 1768 2027; x_wconf 89' lang='lat' dir='ltr'>inter</span> 
     </span>
     <span class='ocr_line' id='line_1_22' title="bbox 291 2076 1767 2139; baseline 0.002 -19"><span class='ocrx_word' id='word_1_141' title='bbox 291 2083 538 2121; x_wconf 88' lang='lat' dir='ltr'>externas.</span> <span class='ocrx_word' id='word_1_142' title='bbox 610 2076 763 2122; x_wconf 91' lang='lat' dir='ltr'>Idaea</span> <span class='ocrx_word' id='word_1_143' title='bbox 827 2077 974 2122; x_wconf 88' lang='lat' dir='ltr'>rubet</span> <span class='ocrx_word' id='word_1_144' title='bbox 1039 2076 1197 2123; x_wconf 89' lang='lat' dir='ltr'>olivae</span> <span class='ocrx_word' id='word_1_145' title='bbox 1262 2076 1627 2139; x_wconf 89' lang='lat' dir='ltr'>magnitudine,</span> <span class='ocrx_word' id='word_1_146' title='bbox 1691 2094 1767 2123; x_wconf 93' lang='lat' dir='ltr'>ro-</span> 
     </span>
     <span class='ocr_line' id='line_1_23' title="bbox 290 2172 1766 2236; baseline 0.002 -19"><span class='ocrx_word' id='word_1_147' title='bbox 290 2173 492 2218; x_wconf 87' lang='lat' dir='ltr'>tundior</span> <span class='ocrx_word' id='word_1_148' title='bbox 511 2179 728 2228; x_wconf 88' lang='lat' dir='ltr'>tantum,</span> <span class='ocrx_word' id='word_1_149' title='bbox 749 2189 924 2236; x_wconf 92' lang='lat' dir='ltr'>sapore</span> <span class='ocrx_word' id='word_1_150' title='bbox 946 2173 1156 2236; x_wconf 90' lang='lat' dir='ltr'>mespili.</span> <span class='ocrx_word' id='word_1_151' title='bbox 1225 2173 1618 2219; x_wconf 87' lang='lat' dir='ltr'>Alexandrinam</span> <span class='ocrx_word' id='word_1_152' title='bbox 1637 2172 1766 2221; x_wconf 90' lang='lat' dir='ltr'>hanc</span> 
     </span>
     <span class='ocr_line' id='line_1_24' title="bbox 290 2269 1764 2325; baseline 0.002 -12"><span class='ocrx_word' id='word_1_153' title='bbox 290 2269 356 2313; x_wconf 91' lang='lat' dir='ltr'>ibi</span> <span class='ocrx_word' id='word_1_154' title='bbox 395 2276 590 2323; x_wconf 82' lang='lat' dir='ltr'>vocant,</span> <span class='ocrx_word' id='word_1_155' title='bbox 628 2269 954 2315; x_wconf 88' lang='lat' dir='ltr'>crassitudine</span> <span class='ocrx_word' id='word_1_156' title='bbox 993 2269 1214 2325; x_wconf 88' lang='lat' dir='ltr'>cubitali,</span> <span class='ocrx_word' id='word_1_157' title='bbox 1251 2286 1515 2325; x_wconf 90' lang='lat' dir='ltr'>ramosam,</span> <span class='ocrx_word' id='word_1_158' title='bbox 1553 2273 1764 2317; x_wconf 87' lang='lat' dir='ltr'>materie</span> 
     </span>
    </p>
   </div>
   <div class='ocr_carea' id='block_1_5' title="bbox 291 2364 1764 2422">
    <p class='ocr_par' dir='ltr' id='par_1_6' title="bbox 291 2364 1764 2422">
     <span class='ocr_line' id='line_1_25' title="bbox 291 2364 1764 2422; baseline 0.003 -13"><span class='ocrx_word' id='word_1_159' title='bbox 291 2364 520 2420; x_wconf 81' lang='lat' dir='ltr'>validam,</span> <span class='ocrx_word' id='word_1_160' title='bbox 547 2365 754 2421; x_wconf 86' lang='lat' dir='ltr'>lentam,</span> <span class='ocrx_word' id='word_1_161' title='bbox 781 2369 885 2411; x_wconf 80' lang='lat' dir='ltr'>sine</span> <span class='ocrx_word' id='word_1_162' title='bbox 913 2366 1060 2421; x_wconf 85' lang='lat' dir='ltr'>lacte,</span> <span class='ocrx_word' id='word_1_163' title='bbox 1087 2369 1270 2412; x_wconf 89' lang='lat' dir='ltr'>cortice</span> <span class='ocrx_word' id='word_1_164' title='bbox 1299 2366 1458 2422; x_wconf 88' lang='lat' dir='ltr'>viridi,</span> <span class='ocrx_word' id='word_1_165' title='bbox 1485 2365 1600 2412; x_wconf 91' lang='lat' dir='ltr'>folio</span> <span class='ocrx_word' id='word_1_166' title='bbox 1627 2366 1764 2414; x_wconf 89' lang='lat' dir='ltr'>tiliae</span> 
     </span>
    </p>
   </div>
   <div class='ocr_carea' id='block_1_6' title="bbox 597 2519 1453 2571">
    <p class='ocr_par' dir='ltr' id='par_1_7' title="bbox 597 2519 1453 2571">
     <span class='ocr_line' id='line_1_26' title="bbox 597 2519 1453 2571; baseline 0.002 -15"><span class='ocrx_word' id='word_1_167' title='bbox 597 2519 613 2543; x_wconf 87' lang='lat'>²</span> <span class='ocrx_word' id='word_1_168' title='bbox 644 2520 861 2570; x_wconf 68' lang='lat' dir='ltr'>Mayhoff:</span> <span class='ocrx_word' id='word_1_169' title='bbox 894 2521 1056 2570; x_wconf 76' lang='lat' dir='ltr'>optime</span> <span class='ocrx_word' id='word_1_170' title='bbox 1075 2521 1134 2558; x_wconf 83' lang='lat' dir='ltr'>sic</span> <span class='ocrx_word' id='word_1_171' title='bbox 1154 2521 1453 2571; x_wconf 75' lang='lat' dir='ltr'>experimenti.</span> 
     </span>
    </p>
   </div>
   <div class='ocr_carea' id='block_1_7' title="bbox 288 2608 376 2653">
    <p class='ocr_par' dir='ltr' id='par_1_8' title="bbox 288 2608 376 2653">
     <span class='ocr_line' id='line_1_27' title="bbox 288 2608 376 2653; baseline -0.045 0"><span class='ocrx_word' id='word_1_172' title='bbox 288 2608 376 2653; x_wconf 83' lang='lat'>334</span> 
     </span>
    </p>
   </div>
  </div>
 </body>
</html>
