1909 2998
240 923 292 960 76

238 1617 289 1657 77

569 175 812 222 PLINY:
874 172 1204 220 NATURAL
1247 170 1545 219 HISTORY

317 309 472 353 omnis
528 312 787 352 recentem
831 321 939 351 esse
983 309 1253 358 constaret,
1299 301 1309 318 ‘
1334 302 1491 364 Atqui
1549 299 1794 356 tertium‚'

316 397 493 457 inquit,
535 392 687 438 ‘ante
728 391 864 437 diem
904 393 1083 437 scitote
1126 389 1421 452 decerptam
1463 386 1794 451 Carthagine:

317 487 422 527 tam
456 496 611 544 prope
649 495 679 524 a
712 480 894 524 moeris
928 476 1171 522 habemus
1207 474 1432 521 hostem!
1457 473 1467 489 '
1522 477 1795 537 statimque

318 574 572 630 sumptum
599 572 675 611 est
701 563 942 610 Punicum
965 566 1174 609 tertium
1198 561 1385 608 bellum
1416 578 1515 624 quo
1542 560 1797 624 Carthago

319 654 490 701 deleta
519 660 612 708 est,
642 668 944 714 quamquam
975 650 1168 696 Catone
1199 665 1328 694 anno
1357 654 1604 711 sequente
1634 655 1794 711 rapto.

321 740 440 804 quid
467 742 684 803 primum
714 741 765 784 in
790 755 849 784 eo
879 740 1132 791 miremur,
1157 752 1327 782 curam
1355 737 1543 798 ingenii
1571 751 1633 780 an
1659 751 1798 780 occa-

319 830 509 873 sionem
552 825 830 880 fortuitam,
871 823 1289 885 celeritatemque
1332 838 1500 868 cursus
1544 838 1608 867 an
1651 820 1798 867 vehe-

321 916 564 960 mentiam
594 913 716 958 viri?
784 927 932 974 super
962 913 1128 956 omnia
1159 916 1253 965 est,
1284 925 1382 971 quo
1413 907 1533 954 nihil
1564 907 1799 970 equidem

320 1001 447 1048 duco
474 999 760 1054 mirabilius,
786 1004 984 1044 tantam
1010 996 1144 1042 illam
1171 996 1348 1042 urbem
1375 1002 1428 1041 et
1454 994 1519 1041 de
1546 1001 1796 1041 terrarum

322 1089 441 1135 orbe
499 1103 590 1150 per
648 1101 739 1131 cxx
795 1101 949 1131 annos
995 1083 1244 1130 aemulam
1292 1085 1435 1128 unius
1477 1084 1613 1145 pomi
1656 1098 1799 1144 argu-

321 1182 494 1221 mento
514 1189 756 1228 eversam,
775 1171 909 1235 quod
926 1187 1026 1217 non
1042 1170 1225 1216 Trebia
1243 1176 1331 1215 aut
1347 1169 1683 1223 Trasimenus,
1701 1185 1800 1214 non

323 1262 524 1309 Cannae
547 1261 695 1306 busto
719 1259 929 1304 Romani
952 1259 1163 1303 nominis
1185 1256 1428 1320 perficere
1449 1262 1679 1318 potuere,
1701 1271 1800 1301 non

321 1356 484 1395 castra
514 1345 702 1393 Punica
731 1346 796 1392 ad
823 1348 1033 1391 tertium
1061 1343 1282 1407 lapidem
1311 1341 1495 1388 vallata
1521 1349 1800 1405 portaeque

322 1435 541 1482 Collinae
583 1433 881 1496 adequitans
920 1435 1028 1495 ipse
1073 1429 1353 1476 Hannibal:
1413 1435 1559 1475 tanto
1598 1431 1800 1492 propius

322 1521 677 1585 Carthaginem
698 1536 848 1584 pomo
874 1519 1000 1565 Cato
1025 1517 1261 1563 admovit.

387 1608 576 1656 Colitur
607 1607 725 1654 ficus
758 1607 903 1652 arbor
933 1608 984 1650 in
1014 1604 1121 1651 foro
1152 1607 1259 1667 ipso
1291 1619 1348 1649 ac
1378 1604 1582 1649 comitio
1613 1601 1801 1648 Romae

322 1703 443 1743 nata
499 1711 639 1741 sacra
698 1693 978 1756 fulguribus
1033 1692 1101 1737 ibi
1156 1690 1369 1736 conditis
1424 1692 1684 1752 magisque
1739 1689 1802 1735 ob

321 1785 612 1830 memoriam
642 1784 746 1827 eius
777 1797 875 1842 qua
895 1779 913 1808 1
944 1781 1110 1825 nutrix
1142 1776 1338 1823 Romuli
1369 1793 1426 1822 ac
1456 1776 1601 1822 Remi
1632 1775 1801 1822 condi-

321 1878 454 1917 tores
486 1871 679 1933 imperii
709 1871 760 1913 in
793 1865 1055 1929 Lupercali
1084 1868 1246 1928 prima
1274 1866 1517 1927 protexit,
1542 1862 1798 1908 ruminalis

323 1956 574 2021 appellata
610 1957 844 2017 quoniam
874 1953 966 1999 sub
1001 1968 1062 1998 ea
1093 1954 1299 1997 inventa
1332 1957 1409 1996 est
1440 1949 1558 2012 lupa
1593 1947 1797 1995 infanti-

322 2045 414 2090 bus
436 2043 682 2106 praebens
706 2042 870 2087 rumin
903 2039 996 2102 (ita
1022 2038 1270 2084 vocabant
1295 2035 1802 2097 mammam)—mira·

324 2130 432 2178 culo
492 2147 553 2176 ex
596 2145 710 2174 aere
761 2130 903 2173 iuxta
955 2125 1141 2180 dicato,
1194 2131 1455 2185 tamquam
1473 2122 1493 2151 2
1545 2124 1804 2168 comitium

324 2224 502 2280 sponte
540 2217 800 2262 transisset
838 2214 964 2259 Atto
1004 2212 1162 2257 Navio
1200 2216 1497 2273 augurante.
1567 2225 1660 2254 nec
1698 2211 1803 2254 sine

324 2305 585 2367 praesagio
620 2302 784 2363 aliquo
820 2302 1001 2345 arescit
1035 2313 1301 2360 rursusque
1336 2312 1454 2342 cura
1486 2294 1803 2341 sacerdotum

759 2431 773 2454 ¹
806 2429 1045 2468 Rackham:
1078 2439 1201 2477 quae.

758 2483 772 2505 ²
802 2482 1041 2521 Racklzam:
1074 2484 1286 2530 tanquam
1308 2479 1366 2518 in.

322 2577 411 2621 340
