1940 2998
602 199 848 246 PLINY:
912 199 1242 246 NATURAL
1286 199 1584 247 HISTORY

355 326 532 372 diebus
572 341 644 372 vn
685 329 922 389 proximis
965 327 1143 388 quibus
1185 326 1303 372 luna
1343 326 1494 390 plena
1538 326 1705 384 fuerit,
1746 344 1832 391 op-

355 396 478 438 time
513 395 761 439 eximitur.
831 396 1030 438 omnino
1064 400 1240 439 caveto
1270 397 1319 438 ni
1351 410 1501 455 quam
1520 393 1539 423 1
1570 397 1832 441 materiem

355 459 492 505 doles
537 476 663 505 neve
707 459 888 505 caedas
933 475 1059 505 neve
1104 467 1283 522 tangas
1329 463 1419 506 nisi
1463 463 1661 516 siccam,
1706 477 1831 507 neve

355 525 573 588 gelidam
621 542 746 571 neve
793 525 1133 572 rorulentam.'
1199 526 1424 572 Tiberius
1471 527 1634 573 item2
1681 534 1734 573 et
1780 529 1830 572 in

353 591 530 654 capillo
592 592 850 638 tondendo
911 595 1126 638 servavit
1187 592 1469 639 interlunia.
1541 592 1613 639 M.
1678 592 1833 639 Varro

356 659 589 704 adversus
621 657 836 705 defluvia
864 662 1111 722 praecipit
1141 659 1506 705 observandum
1536 659 1588 706 id
1618 675 1647 704 a
1675 659 1832 723 pleni-

358 724 517 770 Iuniis.

255 797 331 836 195
421 791 649 837 LXXVI.
690 790 885 837 Larici3
906 798 958 837 et
977 794 1136 854 magis
1162 791 1316 837 abieti
1330 791 1351 820 4
1369 794 1565 837 succisis
1586 808 1726 837 umor
1749 791 1832 838 diu

357 857 548 904 defluit.
623 857 717 904 hae
752 861 973 903 omnium
1006 859 1238 903 arborum
1271 858 1539 904 altissimae
1573 874 1630 904 ac
1661 861 1834 904 rectis-

356 927 525 970 simae.
582 927 782 970 navium
806 924 947 970 malis
973 927 1322 986 antemnisque
1345 932 1552 988 propter
1575 924 1834 971 levitatem

355 990 637 1054 praefertur
673 992 824 1036 abies.
892 1007 1156 1037 commune
1182 998 1235 1037 et
1263 990 1337 1037 his
1371 998 1424 1037 et
1454 994 1572 1053 pino
1598 1007 1795 1053 quoque
1816 991 1835 1020 ⁵

357 1064 414 1103 ut
447 1057 836 1120 quadripertitos
869 1074 1108 1103 venarum
1140 1074 1309 1104 cursus
1341 1057 1581 1103 bifidosve
1613 1057 1835 1104 habeant

356 1123 434 1169 vel
461 1127 661 1169 omnino
688 1124 949 1187 simplices.
1018 1123 1271 1170 fabrorum
1297 1127 1348 1169 in
1371 1124 1389 1153 ⁶
1417 1127 1658 1170 intestina
1683 1141 1836 1188 opera

356 1190 574 1236 medulla
602 1191 785 1237 sectilis
818 1194 1009 1254 optima
1037 1191 1414 1253 quadripertitis
1441 1226 1451 1236 .
1490 1227 1500 1237 .
1539 1190 1576 1236 ,⁷
1600 1194 1835 1237 materies

357 1264 410 1303 et
434 1256 626 1303 mollior
653 1274 804 1320 quam
832 1265 1062 1312 ceterae3
1098 1257 1383 1303 intellectus
1420 1260 1470 1302 in
1505 1260 1692 1303 cortice
1725 1274 1836 1321 pro-

257 1330 332 1368 196
357 1326 490 1369 tinus
522 1326 712 1386 peritis.
781 1324 959 1370 abietis
995 1341 1123 1386 quae
1155 1341 1270 1386 pars
1304 1340 1333 1369 a
1365 1331 1501 1369 terra
1533 1323 1629 1370 fuit
1663 1323 1835 1370 enodis

357 1397 448 1436 est.
517 1390 641 1436 haec
679 1407 778 1453 qua
813 1390 1028 1436 diximus
1064 1394 1257 1436 ratione
1295 1389 1499 1436 fluviata
1534 1390 1795 1436 detoratur
1816 1390 1836 1420 ⁸

357 1464 510 1519 atque
556 1460 628 1502 ita
673 1460 908 1521 sappinus
954 1465 1175 1513 vocatur,
1221 1460 1444 1520 superior
1486 1473 1601 1520 pars
1647 1457 1835 1503 nodosa

356 1523 623 1586 duriorque
675 1523 914 1570 fusterna.
985 1531 1037 1570 et
1087 1527 1138 1569 in
1188 1527 1304 1587 ipsis
1356 1530 1529 1569 autem
1580 1524 1834 1569 arboribus

356 1591 659 1636 robustiores
682 1590 962 1652 aquiloniae
983 1597 1154 1653 partes
1172 1605 1183 1644 ;
1224 1597 1276 1636 et
1298 1592 1349 1635 in
1370 1597 1536 1636 totum
1558 1589 1835 1636 deteriores

356 1673 418 1702 ex
462 1657 641 1703 umidis
683 1660 967 1720 opacisque,
1010 1660 1263 1720 spissiores
1307 1673 1368 1702 ex
1412 1659 1590 1719 apricis
1632 1673 1689 1702 ac
1729 1656 1836 1702 diu-

355 1730 563 1778 turnae;
612 1723 727 1769 ideo
761 1724 950 1769 Romae
984 1723 1202 1769 infernas
1235 1723 1373 1769 abien
1406 1725 1662 1786 supernati
1693 1739 1835 1786 prae-

356 1789 528 1836 fertur.

418 1886 432 1910 1
463 1887 614 1925 Gesner
632 1901 641 1925 z
672 1887 852 1937 nigram.

415 1939 430 1962 ²
466 1939 657 1978 Urlichs:
688 1940 817 1979 idem.

414 1992 429 2015 ³
458 1992 594 2032 Edd.:
626 1993 778 2032 laricis.

414 2047 428 2069 ⁴
458 2046 593 2086 Edd.:
625 2047 792 2086 abietis.

418 2099 433 2122 ⁵
464 2113 690 2138 commune
720 2130 729 2139 .
763 2130 772 2139 .
805 2130 814 2139 .
848 2103 1049 2150 quoque?
1082 2099 1302 2150 Mayhoff:
1334 2099 1579 2139 communia
1615 2099 1679 2138 his
1714 2100 1832 2151 pino-

360 2165 505 2244 quf'in
524 2205 618 2245 aad.
639 2206 778 2256 εἰπερ.

416 2260 430 2283 ⁷
462 2258 673 2311 <pessima
694 2258 859 2311 bifidis>
883 2259 1087 2310 Mayhoff.

415 2314 431 2336 ⁸
460 2314 666 2365 Detlessen
686 2313 991 2363 (decorticatur
1010 2314 1105 2361 alii)
1126 2329 1134 2352 :
1166 2313 1406 2352 decoratur.

408 2446 426 2464 ⁶
454 2440 732 2492 Turpentine.

406 2492 421 2517 ⁶
448 2493 538 2532 The
570 2494 708 2533 words
743 2494 948 2533 rendered
983 2494 992 2509 ‘
1011 2494 1097 2533 and
1129 2494 1228 2533 that.
1259 2523 1268 2533 .
1301 2523 1311 2533 .
1344 2523 1354 2533 .
1387 2499 1514 2533 worst
1534 2493 1542 2508 ⁵
1575 2507 1647 2532 are
1678 2507 1704 2532 a
1737 2505 1833 2532 con·

349 2546 531 2597 jectural
551 2547 746 2586 addition
766 2551 813 2587 to
833 2547 908 2587 the
928 2547 1069 2586 Latin.

353 2616 443 2661 514
