1909 2998
252 340 304 380 73

251 1244 302 1280 74

248 2235 297 2271 75

587 203 830 250 PLINY:
896 203 1226 250 NATURAL
1270 201 1563 249 HISTORY

396 332 656 380 XXXVII.
695 332 883 378 Arabia
915 333 1070 377 etiam
1103 347 1233 376 nunc
1266 337 1319 376 et
1349 329 1531 376 ladano
1559 329 1814 392 gloriatur.

334 423 464 470 forte
489 439 706 485 casuque
731 421 825 467 hoc
850 428 903 468 et
927 423 1105 466 iniuria
1125 420 1333 466 odorum
1353 419 1459 465 fieri
1476 419 1644 482 plures
1663 420 1817 466 tradi-

333 514 472 570 dere,
505 529 797 576 caprasque,
834 511 1116 557 maleficum
1158 510 1278 556 alias
1320 509 1578 556 frondibus
1615 510 1815 565 animal,

333 604 652 650 odoratorum
677 618 793 648 vero
822 601 1059 648 fruticum
1092 600 1433 664 adpetentius,
1457 607 1719 662 tamquam
1743 603 1814 646 in-

332 693 577 756 tellegatl
601 694 783 756 pretia,
807 708 1012 755 carpere
1045 693 1329 754 germinum
1364 689 1530 736 caules
1559 689 1814 753 praedulci

332 784 522 847 liquore
541 790 805 846 turgentes
823 781 1266 843 destillantemque
1284 782 1347 826 ab
1362 783 1420 827 iis
1440 797 1581 826 casus
1598 783 1816 827 mixtura

334 891 505 920 sucum
554 874 763 936 inprobo
812 873 1080 918 barbarum
1130 871 1244 917 villo
1296 871 1616 933 abstergere3
1685 870 1815 917 hunc

332 964 597 1028 glomerari
630 962 853 1026 pulvere,
889 965 1088 1024 incoqui
1125 961 1256 1016 sole3
1311 968 1364 1007 et
1398 961 1513 1007 ideo
1548 964 1600 1006 in
1633 960 1815 1007 ladano

331 1071 592 1118 caprarum
616 1053 741 1116 pilos
768 1067 905 1107 esse3
949 1052 1038 1098 sed
1064 1051 1158 1098 hoc
1184 1069 1283 1098 non
1310 1051 1427 1097 alibi
1455 1051 1562 1097 fieri
1588 1068 1739 1114 quam
1763 1054 1814 1097 in

333 1144 605 1191 Nabataeis
650 1146 734 1205 qui
779 1150 895 1189 sunt
941 1159 1002 1188 ex
1049 1143 1237 1188 Arabia
1279 1144 1577 1187 contermini
1621 1141 1813 1205 Syriae.

331 1238 634 1282 recentiores
675 1250 736 1280 ex
777 1234 1062 1279 auctoribus
1102 1233 1307 1279 storbon
1345 1231 1439 1278 hoc
1478 1239 1676 1287 vocant,
1714 1239 1816 1279 tra-

331 1326 559 1388 duntque
609 1323 755 1370 silvas
806 1324 1031 1369 Arabum
1081 1330 1233 1386 pastu
1281 1339 1544 1386 caprarum
1594 1322 1815 1386 infringi,

332 1423 486 1478 atque
527 1417 599 1460 ita
641 1430 814 1460 sucum
855 1413 980 1459 villis
1022 1412 1388 1469 inhaerescere,
1429 1429 1602 1459 verum
1644 1420 1816 1460 autem

331 1505 567 1552 ladanum
623 1504 773 1566 Cypri
829 1503 1019 1550 insulae
1076 1510 1310 1550 esse—ut
1365 1504 1529 1549 obiter
1583 1520 1815 1566 quaeque

330 1612 519 1659 genera
575 1593 782 1640 odorum
832 1594 1064 1640 dicantur
1114 1596 1338 1656 quamvis
1406 1610 1506 1639 non
1567 1601 1815 1640 terrarum

329 1685 516 1733 ordine.
585 1684 813 1731 similiter
855 1683 948 1730 hoc
993 1692 1046 1730 et
1090 1685 1158 1730 ibi
1203 1683 1309 1730 fieri
1352 1684 1560 1730 tradunt
1605 1691 1658 1730 et
1702 1701 1811 1730 esse

328 1792 571 1840 oesypum
621 1773 869 1821 hircorum
920 1775 1087 1821 barbis
1139 1775 1452 1838 genibusque
1505 1773 1686 1821 villosis
1738 1777 1811 1821 in-

328 1866 556 1921 haerens,
580 1865 669 1911 sed
691 1864 911 1911 hederae
936 1864 1056 1911 flore
1081 1865 1258 1911 deroso
1280 1866 1508 1929 pastibus
1532 1868 1811 1922 matutinis,

329 1974 441 2004 curn
467 1963 544 2002 est
568 1955 823 2002 rorulenta
848 1955 1065 2018 Cypros3
1111 1955 1230 2001 dein
1254 1955 1439 2001 nebula
1464 1955 1566 2001 sole
1592 1955 1813 2002 discussa

326 2047 585 2111 pulverem
623 2045 944 2092 madentibus
983 2045 1107 2092 villis
1147 2045 1508 2092 adhaerescere
1548 2053 1701 2109 atque
1740 2050 1813 2093 ita

327 2137 563 2183 ladanum
587 2135 805 2198 depecti.

392 2225 519 2271 Sunt
553 2228 638 2288 qui
672 2225 880 2272 herbam
914 2228 965 2271 in
1001 2225 1166 2290 Cypro
1202 2243 1263 2273 ex
1300 2243 1399 2289 qua
1432 2226 1484 2273 id
1519 2227 1606 2273 fiat
1640 2227 1809 2274 ledam

329 2315 602 2378 appellent,
653 2319 843 2362 etenim
907 2316 974 2361 illi
1039 2316 1275 2362 ledanum
1340 2325 1548 2372 vocant3
1625 2317 1770 2364 huius
1792 2319 1810 2347 2

435 2423 448 2445 ¹
488 2421 563 2461 VJ.
586 2421 849 2472 intellegant.
1127 2423 1143 2446 ²
1173 2423 1298 2462 huius
1318 2423 1461 2463 foliis?
1494 2424 1698 2474 fllathff.

628 2530 646 2546 ‘¹
676 2524 889 2563 Obtained
913 2525 1024 2564 from
1045 2526 1118 2565 the
1141 2527 1284 2565 Cistus
1304 2528 1488 2568 creticus.

329 2606 385 2652 54
