1909 2998
555 219 800 265 PLINY:
862 217 1191 265 NATURAL
1237 216 1533 264 HISTORY

303 354 391 394 aut
415 347 606 411 lignum
631 362 803 393 recens
828 349 879 392 in
904 352 1069 391 musto
1094 345 1429 399 decocuntur3
1465 348 1590 392 item
1614 343 1780 392 cham-

305 427 480 474 elaeae
506 433 559 473 et
593 425 975 488 chamaepityis,
1000 423 1344 488 chamaedryis
1369 424 1577 487 lignum,
1602 425 1779 472 eodem

303 507 451 554 modo
473 513 525 553 et
545 522 608 553 ex
633 505 770 561 flore,
791 508 843 551 in
867 507 1099 568 congium
1119 507 1272 551 musti
1290 504 1466 551 decem
1494 504 1533 550 Χ
1560 504 1781 567 pondere

301 587 489 634 addito.

207 673 283 712 113
369 666 480 712 XX.
518 666 599 712 Fit
622 668 791 711 vinum
812 671 864 711 et
885 681 947 711 ex
974 681 1104 727 aqua
1123 681 1180 710 ac
1195 662 1344 710 melle
1362 670 1580 711 tantum.
1641 667 1782 727 quin·

304 749 520 809 quennio
544 745 609 792 ad
630 744 723 791 hoc
746 747 930 791 servari
945 743 1219 791 caelestem
1241 744 1434 790 iubent.
1493 743 1645 807 aliqui
1667 760 1782 806 pru-

303 827 554 873 dentiores
574 828 748 871 statim
768 824 833 871 ad
850 827 1029 870 tertias
1048 830 1218 886 partes
1238 823 1484 870 decocunt
1505 831 1558 870 et
1576 827 1781 870 tertiam

302 908 484 953 veteris
503 904 662 951 mellis
683 905 922 958 adiciunt,
941 903 1124 950 deinde
1142 917 1203 948 XL
1226 903 1402 950 diebus
1423 920 1451 949 a
1466 903 1484 932 1
1507 906 1643 950 canis
1669 910 1783 950 ortu

304 990 354 1032 in
376 985 480 1032 sole
501 984 709 1031 habent.
778 983 861 1030 alii
883 983 1062 1030 diffusa
1087 986 1160 1030 ita
1182 982 1395 1030 decumo
1418 983 1501 1030 die
1525 983 1780 1030 obturant.

302 1065 394 1112 hoc
430 1072 638 1112 vocatur
684 1063 966 1127 hydromeli
1014 1070 1068 1110 et
1102 1070 1363 1110 vetustate
1407 1079 1638 1125 saporem
1684 1066 1783 1109 vini

304 1146 611 1208 adsequitur,
658 1160 906 1206 nusquam
951 1143 1204 1190 laudatius
1246 1159 1399 1206 quam
1453 1146 1504 1188 in
1546 1142 1781 1206 Phrygia.

207 1232 285 1271 114
307 1224 446 1271 XXI.
486 1227 606 1287 quin
649 1231 702 1270 et
744 1230 945 1270 acetum
993 1222 1142 1269 melle
1185 1223 1596 1285 temperabatur:
1655 1222 1783 1269 adeo

304 1304 424 1351 nihil
449 1308 812 1366 intemptatum
833 1306 967 1349 vitae
993 1302 1105 1349 fuit.
1173 1302 1392 1366 oxymeli
1415 1301 1508 1348 hoc
1527 1310 1783 1358 vocarunt,

303 1385 463 1432 mellis
500 1385 677 1431 decem
715 1383 867 1438 libris,
905 1386 1037 1429 aceti
1075 1385 1258 1429 veteris
1295 1381 1506 1428 heminis
1546 1385 1780 1445 quinque,

303 1465 417 1512 salis
459 1467 638 1511 marini
679 1464 822 1518 libra,
865 1479 1027 1525 aquae
1068 1462 1266 1525 pluviae
1309 1465 1520 1509 sextaris
1563 1465 1783 1525 quinque

304 1544 663 1593 suffervefactis
704 1543 923 1598 deciens,
962 1559 1080 1588 mox
1122 1541 1367 1588 elutriatis
1407 1548 1562 1604 atque
1601 1545 1674 1588 ita
1712 1545 1784 1588 in-

205 1633 280 1672 115
305 1627 559 1672 veteratis.
627 1626 795 1669 omnia
852 1622 915 1668 ab
971 1621 1273 1668 Themisone
1329 1638 1523 1668 summo
1581 1628 1783 1669 auctore

304 1705 574 1759 damnata3
629 1710 700 1759 et,
736 1702 996 1757 Hercules,
1030 1709 1232 1748 coactus
1269 1717 1384 1747 usus
1422 1717 1594 1747 eorum
1629 1702 1783 1748 videri

305 1792 491 1848 potest,
523 1787 616 1830 nisi
647 1786 686 1830 si
720 1786 828 1846 quis
861 1788 1073 1827 naturae
1107 1797 1229 1843 opus
1263 1797 1371 1827 esse
1402 1781 1562 1827 credit
1593 1798 1784 1828 aroma-

303 1869 436 1912 titen
453 1871 506 1911 et
523 1880 585 1911 ex
602 1865 873 1926 unguentis
890 1864 1002 1907 vina
1020 1864 1298 1923 conposita,
1315 1867 1403 1906 aut
1419 1867 1476 1907 ut
1491 1860 1783 1908 biberentur

305 1948 537 2009 genuisse
574 1960 687 1990 eam
724 1941 955 1988 frutices!
999 1943 1097 1987 ista
1117 1941 1136 1970 2
1171 1947 1287 1987 sunt
1322 1943 1528 2003 cognitu
1569 1941 1783 1988 iucunda

305 2024 524 2072 sollertia
545 2023 564 2052 3
599 2022 804 2069 humani
845 2019 1032 2067 animi4
1063 2023 1229 2066 omnia
1263 2020 1598 2082 exquirente.⁵
1663 2019 1783 2067 nihil

306 2104 509 2168 quidem
565 2119 627 2150 ex
681 2101 755 2148 his
811 2116 941 2147 anno
995 2099 1193 2155 durare,
1245 2106 1600 2163 praeterquam
1654 2117 1782 2164 quae

368 2286 381 2308 ¹
412 2298 437 2323 a
460 2282 554 2322 add.
579 2282 719 2332 Silliq.

365 2339 379 2361 ²
416 2338 494 2377 V.l.
515 2338 590 2375 ita.

366 2392 380 2413 ³
418 2391 495 2430 VJ.
518 2390 743 2428 sollertiae.

366 2446 381 2467 ⁴
410 2444 479 2482 Ita
500 2443 587 2482 edd.
610 2442 842 2493 (hunsanae
863 2441 1034 2479 nomine
1058 2439 1295 2491 Muyhosffi:
1327 2439 1514 2479 humane
1533 2439 1719 2481 homine.

369 2498 384 2521 5
414 2497 520 2537 Edd.
541 2512 550 2537 ε
581 2496 846 2548 exquirentis
866 2499 938 2533 aut
960 2495 1025 2534 -ti.

310 2605 399 2651 260
