1909 2998
242 439 293 477 23

242 951 294 989 24

242 1462 294 1502 25

577 230 821 276 PLINY:
885 228 1214 276 NATURAL
1259 228 1554 275 HISTORY

324 360 430 414 das,
490 365 546 404 ut
605 374 755 420 quam
815 359 1031 402 maxime
1089 373 1214 419 pura
1272 358 1529 401 sinceritas
1587 362 1799 403 constet.

323 439 502 495 postea
527 434 786 477 inventum
814 436 871 476 ut
897 429 1184 475 lavarentur
1211 431 1384 490 utique
1412 427 1627 475 ferventi
1654 445 1802 492 aqua,

323 508 548 568 protinus
564 503 704 567 prelo
729 504 1075 549 subicerentur
1098 501 1423 548 solidae—ita
1447 504 1579 547 enim
1603 518 1803 548 amurca

325 580 800 641 exprimitur-mox
840 578 1051 639 trapetis
1086 573 1276 620 fractae
1322 581 1673 638 premerentur
1709 578 1803 621 ite-

324 668 449 697 rum.
514 653 675 714 premi
710 649 821 713 plus
860 666 1010 711 quam
1047 655 1289 694 centenos
1326 647 1519 693 modios
1557 664 1656 693 non
1691 664 1803 711 pro·

324 725 449 770 bant
469 724 487 753 1
508 741 519 771 :
543 722 705 769 factus
722 729 945 778 vocatur,
966 721 1101 784 quod
1119 737 1235 767 vero
1253 728 1367 784 post
1386 719 1569 766 molam
1587 723 1802 784 primum

325 814 616 860 expressum
670 803 764 852 est,
818 794 921 841 flos.
989 794 1150 840 factus
1204 801 1306 840 tres
1359 796 1562 856 gemino
1614 792 1721 840 foro
1774 811 1803 840 a

327 873 582 933 quaternis
606 868 887 915 hominibus
913 874 1061 913 nocte
1087 874 1140 913 et
1164 867 1247 913 die
1270 869 1432 929 premi
1455 869 1641 912 iustum
1666 873 1759 913 est.

390 943 504 990 VII.
542 943 653 989 Non
713 949 822 988 erat
881 948 992 987 turn
1052 940 1288 986 ficticium
1348 939 1530 995 oleum,
1589 939 1802 1002 ideoque

328 1018 538 1063 arbitror
578 1016 642 1062 de
685 1032 745 1062 eo
786 1014 906 1060 nihil
948 1031 977 1059 a
1018 1013 1210 1059 Catone
1252 1013 1459 1059 dictum.
1527 1029 1657 1058 nunc
1698 1016 1803 1059 eius

325 1106 513 1153 genera
539 1089 709 1152 plura3
754 1091 1070 1151 primumque
1099 1102 1460 1149 persequemur
1489 1102 1550 1131 ea
1579 1102 1709 1148 quae
1740 1102 1802 1131 ex

326 1163 580 1209 arboribus
608 1162 751 1216 fiunt,
779 1168 831 1207 et
856 1164 988 1206 inter
1013 1159 1119 1205 illas
1147 1166 1265 1205 ante
1293 1162 1450 1205 omnis
1479 1175 1540 1204 ex
1568 1158 1801 1204 oleastro.

324 1243 480 1282 tenue
513 1235 564 1281 id
596 1235 855 1297 multoque
897 1236 1110 1279 amarius
1144 1249 1294 1295 quam
1327 1232 1467 1278 oleae
1511 1239 1563 1278 et
1603 1239 1803 1277 tantum

326 1310 390 1355 ad
445 1308 815 1355 medicamenta
871 1306 1009 1352 utile.
1077 1305 1380 1351 simillimum
1437 1303 1550 1350 huic
1607 1312 1685 1350 est
1741 1321 1803 1350 ex

325 1381 630 1437 chamelaea,
666 1380 846 1426 frutice
882 1396 1075 1434 saxoso,
1112 1395 1211 1424 non
1247 1378 1422 1423 altiore
1457 1377 1642 1440 palmo,
1677 1376 1803 1423 foliis

327 1455 527 1501 oleastri
567 1455 818 1516 bacisque.
884 1455 1168 1515 proximum
1206 1451 1262 1497 fit
1299 1451 1362 1496 e2
1397 1453 1506 1505 cici,
1544 1451 1717 1496 arbore
1754 1453 1804 1495 in

327 1531 565 1591 Aegypto
597 1526 943 1591 copiosa—alii
974 1533 1248 1579 crotonem,
1281 1523 1361 1569 alii
1395 1523 1528 1580 sibi‚3
1562 1523 1643 1568 alii
1675 1539 1805 1569 sesa-

327 1619 444 1648 mon
490 1601 713 1648 silvestre
765 1617 877 1646 eam
928 1598 1432 1662 appellant—ibique,
1474 1613 1573 1642 non
1609 1596 1804 1660 pridem

328 1683 380 1722 et
420 1679 471 1721 in
511 1675 770 1737 Hispania,
810 1671 1028 1736 sponte4
1067 1673 1297 1735 provenit
1338 1669 1605 1716 altitudine
1646 1669 1805 1724 oleae,

326 1749 466 1795 caule
501 1748 769 1802 ferulaceo,
802 1745 920 1792 folio
955 1748 1149 1799 vitium,
1184 1746 1375 1789 semine
1410 1759 1617 1788 uvarum
1650 1745 1806 1805 graci-

328 1823 447 1868 lium
483 1821 916 1885 pallidarumque;
965 1821 1120 1864 nostri
1159 1833 1272 1863 eam
1310 1819 1520 1862 ricinum
1559 1822 1739 1861 vocant
1777 1832 1806 1860 a

328 1896 649 1941 similitudine
704 1896 920 1939 seminis.
988 1894 1219 1953 coquitur
1272 1889 1323 1935 id
1376 1892 1427 1934 in
1482 1905 1612 1951 aqua
1665 1891 1803 1933 inna-

329 1978 541 2031 tansque
565 1968 730 2013 oleum
751 1966 959 2012 tollitur.
1029 1972 1082 2010 at
1104 1967 1155 2008 in
1177 1964 1433 2026 Aegypto,
1456 1962 1540 2008 ubi
1564 1961 1805 2016 abundat,

446 2090 461 2165 ἒ
491 2066 679 2139 probat?
709 2086 934 2126 Rackham.

445 2196 460 2218 ³
492 2140 710 2245 λιὲῗῃέξῖζζ
727 2144 817 2232 532
838 2192 935 2242 (sin,
958 2191 1023 2230 zze.
1047 2188 1196 2236 σίσελε,
1218 2189 1269 2241 cs.
1295 2199 1375 2229 vm
1398 2189 1487 2234 112,
1509 2187 1665 2237 Silliq).

447 2250 462 2273 ⁴
492 2249 660 2287 Dalec.:
690 2250 880 2297 repente.

386 2437 403 2454 ‘¹
433 2431 602 2475 Forum,
624 2428 698 2467 the
718 2430 815 2477 part
835 2426 882 2464 of
898 2425 971 2464 the
992 2437 1108 2475 press
1129 2425 1170 2462 in
1191 2422 1327 2462 which
1348 2422 1422 2461 the
1441 2421 1573 2460 olives
1591 2434 1639 2460 or
1655 2433 1806 2472 grapes

332 2497 437 2523 were
458 2483 556 2521 laid.
619 2483 750 2520 Varro
772 2480 876 2519 RB.
899 2478 933 2517 I.
957 2480 1022 2523 54,
1046 2480 1083 2517 2.

386 2538 401 2562 ὁ
431 2537 540 2584 Κίκι,
563 2535 638 2575 the
662 2534 880 2574 castor-oi]
903 2533 1038 2583 plant.

330 2629 417 2674 304
