1925 2998
604 201 850 249 PLINY:
914 202 1246 250 NATURAL
1291 203 1588 251 HISTORY

356 345 557 384 cornua,
606 328 786 375 dentes
834 333 990 376 secari
1038 330 1330 393 lignumque
1381 331 1532 378 ebore
1581 331 1839 395 distingui,

256 408 334 446 233
358 418 473 447 mox
514 405 709 463 operiri.
777 402 965 464 placuit
1005 403 1189 450 deinde
1229 407 1494 451 materiem
1535 412 1588 451 et
1626 408 1677 450 in
1716 407 1839 451 mari

358 477 558 535 quaeri:
603 475 809 521 testudo
836 479 887 521 in
915 475 1006 521 hoc
1034 484 1201 531 secta3
1247 494 1507 540 nuperque
1536 480 1840 539 portentosis

359 550 570 610 ingeniis
607 551 890 610 principatu
929 549 1138 595 Neronis
1176 553 1438 596 inventum
1475 557 1533 596 ut
1568 553 1840 614 pigmentis

358 621 595 681 perderet
620 638 672 667 se
698 621 952 684 plurisque
979 625 1173 668 veniret
1198 626 1397 669 imitata
1421 623 1627 686 lignum.
1693 623 1841 670 modo

359 693 555 739 luxuria
582 711 680 740 non
709 694 874 741 fuerat
902 703 1143 742 contenta
1170 696 1322 758 ligno,
1349 700 1450 742 iam
1476 697 1668 759 lignum
1695 704 1748 743 et
1776 713 1803 743 e
1822 696 1841 726 ¹

360 767 617 813 testudine
662 768 822 814 facit.²
888 772 955 814 sic
1002 769 1144 814 lectis
1191 773 1355 830 pretia
1400 777 1726 831 quaeruntur,
1772 773 1842 816 sic

359 840 706 887 terebinthum
734 845 862 887 vinci
891 842 1085 898 iubent,
1111 845 1179 888 sic
1211 846 1392 889 citrum
1421 846 1685 904 pretiosius
1720 843 1842 898 fieri,

361 917 429 960 sic
455 931 570 960 acer
593 915 773 976 decipi.

257 993 336 1032 234
425 987 674 1035 LXXXV.
716 989 833 1034 Vita
858 989 1090 1036 arborum
1116 990 1429 1052 quarundam
1453 993 1681 1036 inmensa
1704 989 1839 1036 credi

361 1068 547 1122 potest,
568 1065 606 1106 si
624 1064 732 1123 quis
749 1061 997 1123 profunda
1016 1063 1189 1108 mundi
1210 1070 1263 1109 et
1282 1063 1437 1109 saltus
1461 1067 1738 1109 inaccessos
1763 1080 1842 1109 co-

361 1137 507 1196 gitet.
570 1151 742 1180 verum
764 1152 826 1181 ex
848 1134 921 1181 his
944 1152 1065 1197 quas
1087 1139 1328 1182 memoria
1347 1135 1605 1182 hominum
1625 1137 1844 1182 custodit

362 1207 545 1253 durant
569 1210 620 1253 in
646 1207 905 1254 Liternino
937 1208 1159 1254 Africani
1184 1212 1357 1271 prioris
1383 1226 1536 1255 manu
1560 1216 1669 1255 sata
1694 1209 1841 1265 olea,³

361 1283 485 1327 item
520 1289 713 1344 myrtus
741 1282 920 1328 eodem
955 1282 1064 1328 loco
1099 1286 1395 1344 conspicuae
1422 1283 1845 1345 magnitudinis—-

363 1355 534 1400 subest
554 1372 730 1416 specus
749 1358 800 1400 in
819 1372 918 1417 quo
937 1372 1110 1402 manes
1131 1359 1235 1402 eius
1255 1355 1505 1402 custodire
1525 1356 1673 1402 draco
1692 1356 1844 1402 tradi-

257 1434 338 1473 235
361 1428 698 1474 tur—Romae
719 1446 835 1474 vero
859 1429 986 1475 lotos
1010 1432 1061 1474 in
1087 1428 1306 1476 Lucinae
1333 1446 1466 1485 area,
1486 1445 1616 1475 anno
1640 1432 1724 1492 qui
1750 1428 1844 1475 fuit

364 1504 468 1547 sine
495 1503 871 1564 magistratibus
907 1518 1137 1548 cccnxxxx
1173 1503 1307 1549 urbis
1345 1502 1472 1549 aede
1508 1502 1738 1558 condita3
1774 1505 1844 1548 in-

362 1583 556 1621 certum
610 1579 717 1637 ipsa
773 1583 962 1638 quanto
1010 1579 1281 1622 vetustior:
1341 1592 1450 1622 esse
1505 1575 1709 1638 quidem
1763 1592 1845 1621 ve-

362 1652 627 1694 tustiorem
665 1666 764 1694 non
799 1656 877 1695 est
912 1649 1137 1705 dubium,
1162 1667 1276 1695 cum
1313 1649 1377 1695 ab
1413 1665 1473 1695 eo
1508 1648 1619 1695 luco
1656 1648 1845 1694 Lucina

363 1726 662 1768 nominetur.
749 1721 872 1768 haec
921 1739 1052 1768 nunc
1100 1738 1133 1769 D
1183 1725 1379 1768 circiter
1427 1738 1614 1768 annum
1662 1721 1845 1776 habet3

364 1798 630 1857 antiquior,
682 1796 771 1842 sed
822 1799 1013 1842 incerta
1064 1799 1169 1841 eius
1222 1803 1379 1851 aetas,
1432 1811 1561 1857 quae
1613 1795 1846 1856 capillata

363 1875 560 1931 dicitur,
612 1879 847 1938 quoniam
899 1876 1177 1922 Vestalium
1228 1878 1475 1939 virginum
1525 1874 1729 1937 capillus
1783 1875 1846 1921 ad

365 1966 477 1995 eam
501 1948 742 1995 defertur.

260 2027 340 2067 236
429 2021 706 2068 LXXXVI.
747 2023 932 2068 Verum
969 2022 1127 2069 altera
1164 2022 1292 2068 lotos
1327 2025 1378 2067 in
1416 2021 1671 2068 Volcanal'i
1711 2021 1844 2083 quod

365 2095 603 2142 Romulus
624 2099 885 2142 constituit
912 2113 973 2142 ex
1001 2099 1206 2142 victoria
1231 2095 1294 2141 de
1321 2095 1562 2151 decumis,
1588 2110 1844 2157 aequaeva

476 2203 491 2227 ¹
521 2208 566 2242 et
586 2216 607 2242 e
628 2204 758 2242 Salm.
780 2219 788 2243 :
820 2208 864 2242 et
884 2208 956 2241 aut
975 2204 1073 2242 emi.

478 2258 492 2280 ‘-'
520 2255 650 2295 modo
680 2286 688 2295 .
721 2287 730 2295 .
762 2287 771 2296 .
802 2255 906 2295 facit
925 2256 991 2295 hic
1018 2256 1327 2306 Warminqton:
1359 2255 1473 2306 infra
1490 2259 1588 2305 post
1607 2253 1759 2306 decipi.

474 2310 488 2331 ³
518 2310 752 2362 Dades-sen:
785 2315 904 2349 satae
926 2310 1077 2349 olivae.

421 2463 438 2482 ‘³
470 2458 478 2474 ‘
498 2458 659 2497 Lucina
679 2458 688 2473 ‘
729 2458 837 2496 from
878 2458 1025 2497 ‘lucus
1046 2458 1084 2497 ἐ
1135 2458 1266 2508 really
1304 2457 1525 2496 doubtless
1562 2457 1670 2495 from
1712 2457 1721 2472 ‘
1740 2457 1843 2503 lux,’

364 2510 438 2549 the
460 2512 640 2561 goddess
662 2511 710 2550 of
729 2511 840 2551 birth
867 2512 958 2550 who
985 2512 1123 2562 brings
1146 2511 1307 2550 infante
1329 2512 1420 2550 into
1441 2510 1515 2550 the
1537 2510 1644 2562 light,
1665 2509 1714 2548 of
1730 2510 1829 2561 day.

369 2588 455 2644 538
