1909 2998
211 1293 263 1330 58

550 205 794 252 PLINY:
858 205 1187 252 NATURAL
1232 205 1530 252 HISTORY

297 350 425 395 quae
454 332 606 379 civilis
636 350 693 380 ac
721 333 917 379 modica
947 340 1041 387 est,
1069 336 1120 379 in
1150 332 1204 379 C.
1236 332 1462 380 Caesaris
1492 332 1777 380 Germanici

297 408 381 452 filii
413 410 712 470 principatu,
750 410 890 452 annis
932 421 1035 461 CLX,
1076 406 1295 469 singulas
1337 409 1507 452 uncias
1543 410 1643 453 vini
1679 407 1776 453 eo1

295 483 576 526 constitisse
599 479 753 525 nobili
778 480 1009 541 exemplo
1035 479 1292 526 docuimus
1317 479 1595 526 referentes
1620 483 1776 527 vitam

297 553 555 614 Pomponii
603 552 818 599 Secundi
865 556 992 598 vatis
1040 569 1320 615 cenamque
1370 569 1521 615 quam
1568 556 1776 616 principi

295 625 363 672 illi
389 625 559 672 dedit:
602 633 805 672 tantum
831 629 1158 688 pecuniarum
1184 626 1418 672 detinent
1444 628 1543 671 vini
1570 625 1778 688 apothe-

294 716 399 746 cae.
467 715 560 746 nec
609 698 707 744 alia
757 716 834 745 res
884 702 1043 745 maius
1093 702 1460 745 incrementum
1509 703 1664 746 sentit
1713 699 1777 746 ad

296 775 619 819 vicensimum
652 789 856 827 annum,
887 775 1109 818 maiusve
1143 773 1206 818 ab
1239 788 1298 818 eo
1330 772 1647 834 dispendium
1678 789 1776 818 non

295 846 586 908 proficiente
632 849 812 907 pretio.
880 862 990 891 raro
1038 848 1223 908 quippe
1271 844 1433 891 adhuc
1480 845 1639 901 fuere,
1685 862 1777 892 nec

297 923 388 965 nisi
437 922 488 964 in
539 927 803 980 nepotatu,
852 918 1058 981 singulis
1105 921 1251 965 testis
1298 917 1435 964 milia
1499 934 1775 965 nummum.

296 993 606 1038 Viennenses
639 992 729 1039 soli
760 995 929 1054 picata
962 1009 1069 1047 sua,
1094 1009 1305 1054 quorum
1330 1008 1518 1054 genera
1543 993 1776 1047 diximus,

294 1066 445 1127 pluris
502 1073 809 1128 permutare,
866 1065 956 1111 sed
1013 1068 1145 1111 inter
1201 1081 1312 1111 sese
1369 1081 1538 1111 amore
1596 1068 1777 1127 patrio,

293 1139 593 1193 creduntur;
629 1139 782 1201 idque
802 1142 970 1184 vinum
991 1138 1216 1201 frigidius
1237 1137 1438 1200 reliquis
1460 1141 1778 1184 existimatur

294 1215 345 1258 in
367 1212 548 1276 frigido
571 1219 710 1274 potu.

359 1285 475 1331 VII.
502 1286 629 1331 Vino
654 1293 835 1332 natura
863 1292 939 1332 est
963 1284 1144 1331 hausto
1170 1284 1477 1331 accendendi
1495 1285 1659 1331 calore
1684 1288 1777 1332 vis·

293 1376 407 1405 cera
421 1363 572 1414 intus,
586 1359 703 1405 foris
719 1359 882 1405 infuso
896 1358 1242 1421 refrigerandi.
1286 1375 1378 1404 nec
1392 1357 1610 1404 alienum
1624 1358 1776 1405 fuerit

294 1449 685 1479 commemorare
706 1431 799 1478 hoc
821 1436 872 1477 in
894 1431 1000 1478 loco
1024 1432 1158 1494 quod
1180 1431 1506 1494 Androcydes
1529 1435 1777 1493 sapientia

293 1506 452 1552 clarus
479 1507 543 1552 ad
569 1506 915 1552 Alexandrum
944 1505 1190 1568 Magnum
1217 1508 1412 1567 scripsit
1437 1509 1776 1567 intemperan-

293 1583 419 1625 tiam
446 1582 550 1625 eius
576 1578 841 1625 cohibens:
884 1578 894 1593 ‘
920 1579 1102 1624 Vinum
1138 1586 1365 1640 poturus,
1388 1595 1495 1634 rex,
1518 1587 1776 1624 memento

293 1653 466 1699 bibere
487 1661 541 1699 te
562 1656 858 1715 sanguinem
880 1660 1063 1698 terrae.
1131 1655 1296 1698 cicuta
1316 1651 1505 1697 homini
1526 1668 1774 1698 venenmn

295 1734 388 1781 est,
452 1730 647 1772 cicutae
712 1724 916 1771 vinum.'
1001 1726 1178 1787 quibus
1243 1728 1525 1787 praeceptis
1589 1724 1673 1771 ille
1735 1728 1775 1771 si

294 1800 761 1861 obtemperavisset,
792 1799 1019 1860 profecto
1050 1802 1233 1844 amicos
1265 1801 1316 1843 in
1346 1798 1647 1844 temulentia
1676 1815 1773 1844 non

294 1875 649 1926 interemisset,
672 1889 869 1934 prorsus
894 1880 950 1918 ut
975 1875 1080 1918 iure
1104 1872 1201 1918 dici
1223 1875 1380 1933 possit
1403 1888 1568 1934 neque
1592 1872 1773 1917 viribus

292 1949 507 2007 corporis
544 1945 712 1991 utilius
751 1945 884 1991 aliud
922 1961 1087 2008 neque
1122 1945 1463 2007 voluptatibus
1485 1944 1504 1973 2
1533 1948 1774 2006 pernicio-

291 2021 390 2064 sius
414 2022 453 2064 si
477 2019 651 2065 modus
677 2019 822 2064 absit.

587 2106 600 2128 1
632 2106 719 2142 vini
740 2118 789 2142 eo
817 2104 983 2143 Urlichs
1002 2120 1009 2143 :
1043 2105 1130 2143 vini
1152 2118 1203 2143 ex
1225 2109 1296 2143 (ml
1321 2105 1481 2145 vineae.

588 2159 603 2181 ²
633 2158 971 2208 [voluptatibus]
993 2159 1197 2197 Muretus

350 2269 367 2287 ‘⁸
397 2263 500 2301 This
523 2262 637 2301 work
662 2262 696 2300 is
718 2267 795 2301 not
816 2266 985 2301 extant.

346 2315 360 2339 ὗ
390 2316 416 2354 I
422 2329 468 2354 .e.
501 2316 543 2354 in
574 2314 646 2354 the
676 2327 772 2354 case
801 2315 850 2354 of
883 2328 909 2353 a
946 2316 1179 2365 particular
1213 2316 1401 2366 viat-age,
1434 2315 1518 2354 like
1553 2314 1767 2366 Opimian,

294 2369 391 2408 that
412 2371 445 2408 is
467 2369 621 2407 known
643 2373 688 2407 to
708 2382 761 2418 go
782 2382 836 2407 on
857 2368 1112 2419 improving.

347 2429 359 2445 ⁶
389 2422 524 2461 Clitus
548 2422 633 2460 and
657 2421 947 2461 Callisthenes.

346 2475 364 2499 ‘¹
390 2475 466 2514 Le.
491 2476 533 2513 in
557 2475 762 2525 debasing
784 2475 903 2513 them
927 2475 1013 2513 and
1037 2475 1079 2513 in
1110 2475 1276 2525 cutting
1299 2474 1417 2513 them
1441 2474 1589 2514 shortt
1629 2474 1769 2513 unless

293 2529 367 2567 the
390 2529 505 2568 word
530 2530 641 2568 isan
666 2527 984 2578 interpolation.

292 2614 378 2655 224
