1909 2998
606 220 850 266 I’LINY:
914 219 1242 266 NATURAL
1287 219 1583 268 HISTORY

353 348 435 393 alii
470 351 668 410 generis
690 351 875 411 proprii
900 364 1007 394 esse
1036 348 1231 394 malunt
1264 354 1317 393 et
1356 347 1535 394 Latine
1571 352 1829 413 carpinum

355 415 625 476 appellant.

269 489 320 526 68
415 480 627 526 XXVII.
667 479 1057 527 Pulcherrimum
1077 498 1193 527 vero
1213 487 1290 526 est
1306 480 1829 545 bruscum,multoque

352 547 678 593 excellentius
707 551 982 593 etiamnum
1020 548 1338 601 molluscum3
1384 549 1533 594 tuber
1561 556 1829 611 utrumque

353 614 537 659 arboris
573 617 696 669 eius,
727 615 959 660 bruscum
994 618 1226 661 intortius
1267 617 1501 678 crispum,
1536 615 1830 661 molluscum

348 680 619 743 simplicius
657 697 899 743 sparsum,
938 688 991 727 et
1028 685 1069 727 si
1108 682 1509 744 magnitudinem
1546 698 1831 728 mensarum

352 754 573 810 caperet,
612 746 735 793 haut
770 747 921 793 dubie
955 747 1296 812 praeferretur
1330 751 1482 803 citro3
1535 765 1665 794 nunc
1701 752 1831 794 intra

350 813 617 876 pugillares
645 813 989 877 lectorumque
1021 815 1197 861 silicios
1217 816 1235 844 1
1268 813 1413 879 †[aut
1444 814 1654 880 lamnas]
1672 815 1691 844 2
1721 832 1830 861 raro

353 897 445 925 usu
495 888 766 943 spectatur.
835 897 862 927 e
914 882 1091 927 brusco
1144 882 1270 928 fiunt
1324 889 1376 927 et
1429 898 1651 937 mensae,
1703 881 1831 928 sed³

269 954 321 991 69
354 951 710 1010 nigrescentes.
777 951 1025 1011 reperitur
1053 955 1105 994 et
1131 952 1182 994 in
1209 949 1323 995 alno
1350 948 1514 1005 tuber,
1543 955 1622 994 set
1640 949 1660 977 4
1686 955 1830 994 tanto

351 1014 573 1059 deterius
601 1021 845 1076 quantum
872 1015 935 1060 ab
962 1031 1106 1061 acere
1133 1015 1273 1062 alnus
1298 1019 1408 1079 ipsa
1433 1015 1604 1061 distat.
1673 1018 1830 1061 aceris

352 1097 513 1126 mares
537 1084 672 1143 prius
699 1080 893 1127 florent.
955 1085 1242 1128 etiamnunc
1267 1086 1319 1127 in
1340 1084 1480 1127 siccis
1506 1081 1662 1128 nata5
1686 1098 1829 1145 prae—

351 1146 580 1193 feruntur
608 1151 869 1210 aquaticis,
897 1151 1026 1194 sicut
1055 1156 1107 1194 et
1137 1148 1331 1194 fraxini.
1401 1155 1478 1194 est
1506 1155 1645 1194 trans
1674 1148 1829 1211 Alpes

353 1215 496 1259 arbor
538 1214 785 1259 simillima
835 1218 966 1260 aceri
1017 1215 1129 1261 albo
1180 1217 1391 1261 materie
1443 1231 1572 1277 quae
1624 1222 1830 1260 vocatur

350 1279 841 1344 staphylodendron:
898 1280 998 1327 fert
1030 1282 1230 1344 siliquas
1264 1290 1317 1329 et
1348 1284 1400 1326 in
1431 1285 1489 1326 iis
1521 1281 1722 1327 nucleos
1755 1298 1831 1327 sa-

349 1363 470 1411 pore
495 1351 632 1393 nucis
656 1348 930 1394 abellanae.

269 1421 319 1459 70
414 1413 655 1460 XXVIII.
699 1415 756 1459 In
790 1418 961 1477 primis
996 1432 1113 1461 vero
1148 1417 1384 1461 materies
1420 1413 1663 1460 honorata
1694 1415 1827 1460 buxo

353 1488 430 1526 est
455 1497 563 1527 raro
587 1485 822 1543 crispanti
845 1498 937 1527 nec
960 1485 1051 1527 nisi
1074 1482 1258 1538 radice,
1277 1482 1340 1528 de
1362 1488 1532 1527 cetero
1554 1481 1667 1536 levi,
1689 1485 1827 1527 cuius

351 1551 563 1593 materia
605 1555 682 1594 est
721 1548 918 1594 lentitie
957 1549 1174 1610 quadam
1196 1549 1215 1578 θ
1253 1555 1306 1595 et
1334 1547 1516 1594 duritie
1553 1564 1609 1593 ac
1641 1548 1827 1611 pallore

347 1614 775 1670 commendabilis,
810 1618 918 1678 ipsa
950 1632 1066 1661 vero
1102 1617 1247 1661 arbor
1283 1622 1336 1662 et
1358 1613 1378 1645 ⁷
1413 1617 1625 1677 topiario
1660 1631 1827 1678 opere.

351 1684 448 1726 tria
474 1685 578 1726 eius
611 1698 825 1744 genera:
863 1681 1125 1737 Gallicum,
1151 1683 1285 1744 quod
1315 1686 1366 1729 in
1392 1689 1553 1727 metas
1579 1685 1830 1727 emittitur

351 1747 833 1810 amplitudinemque
849 1752 1180 1811 proceriorem
1197 1764 1207 1803 ;
1237 1749 1507 1796 oleastrum
1524 1751 1574 1793 in
1588 1751 1721 1793 omni
1738 1764 1828 1793 usu

351 1813 646 1860 damnatum
674 1831 877 1877 gravem
903 1814 1128 1878 praefert
1156 1816 1388 1871 odorem3
1433 1818 1642 1861 tertium
1670 1831 1828 1877 genus

352 1888 544 1926 nostras
573 1889 753 1927 vocant
782 1898 809 1927 e
843 1882 1072 1937 silvestri,
1101 1889 1157 1928 ut
1185 1883 1352 1939 credo,
1381 1885 1670 1944 mitigatum
1698 1889 1828 1936 satu,

416 1962 430 1984 ¹
463 1961 662 1999 Mendam
683 1961 894 2000 Rackham
912 1977 921 2001 ε
955 1962 1038 2001 v.ll.
1055 1962 1268 2007 sublicios,
1287 1962 1452 2001 solicios
1470 1960 1648 2012 (solidos
1663 1960 1827 1999 Salma-

357 2014 478 2063 sius).

413 2068 428 2090 ²
458 2068 587 2107 Gloss.
608 2070 701 2107 secl.
723 2069 949 2109 Rackham.

413 2122 426 2143 ³
457 2122 530 2160 scd
553 2121 680 2161 add.?
713 2122 917 2172 Illayhoff.

414 2176 428 2197 ⁴
460 2176 476 2211 l
486 2189 541 2213 (ιη
561 2190 569 2214 :
609 2175 760 2214 tubere
780 2181 853 2214 aut
875 2175 1014 2216 tuber.

413 2228 428 2251 ⁵
458 2228 697 2268 Rackhum:
728 2233 871 2268 natae.

416 2282 430 2304 ⁶
459 2283 542 2320 levi
573 2312 583 2321 .
615 2313 624 2321 .
658 2312 667 2321 .
700 2283 887 2332 quadam
952 2282 1185 2334 Detlefsen:
1267 2282 1372 2322 lenis
1439 2283 1557 2333 quies
1623 2282 1826 2321 materiae

355 2334 526 2374 silentio
548 2336 750 2386 quodam.

416 2390 429 2412 ⁷
461 2390 510 2427 Μ
514 2389 658 2439 aylzoff
672 2404 681 2428 ε
711 2391 755 2428 in
774 2390 867 2440 ipsa
888 2402 988 2427 vero
1009 2390 1173 2429 arbore.

408 2481 426 2500 ‘¹
454 2475 545 2515 The
573 2479 670 2515 text
699 2476 734 2514 is
764 2475 979 2514 doubtful.
1041 2476 1084 2514 If
1109 2477 1304 2515 lectorum
1333 2477 1368 2515 is
1399 2477 1590 2526 genitive
1617 2475 1754 2526 plural
1783 2474 1831 2513 of

351 2530 703 2622 {fetor’bpgrhaps
737 2530 922 2568 readers’
963 2529 1316 2580 reading-stands
1349 2529 1438 2568 and
1475 2529 1719 2568 book-rests
1754 2541 1825 2567 are

381 2596 486 2622 esem
521 2596 542 2620 e
579 2615 586 2623 .

348 2654 434 2699 432
