1909 2998
253 642 299 680 21

249 1544 300 1582 22

585 210 829 257 PLINY:
893 211 1222 258 NATURAL
1267 212 1565 259 HISTORY

336 340 385 382 in
410 340 467 383 iis
492 337 610 383 locis
636 342 880 401 optimam
906 355 1016 385 esse
1043 338 1254 394 dicant,l
1280 342 1331 384 in
1356 338 1538 402 frigido
1564 347 1736 386 autem
1761 347 1814 387 et

335 453 500 483 macro
522 437 792 492 Liciniam;
827 441 1002 501 pingui
1023 441 1156 484 enim
1178 446 1267 485 aut
1287 438 1503 485 ferventi
1524 441 1689 485 vitiari
1709 442 1812 486 eius

335 536 499 582 oleum
540 538 867 601 arboremque
908 541 1016 601 ipsa
1057 538 1322 585 fertilitate
1363 542 1604 595 consumi,
1643 556 1813 585 musco

333 645 598 699 praeterea
640 645 692 684 et
734 639 912 684 rubore
956 637 1196 685 infestari.
1265 646 1493 702 spectare
1537 639 1720 685 oliveta
1761 642 1811 685 in

334 736 584 784 favonium
617 738 724 784 loco
758 742 986 801 exposito
1018 738 1201 784 solibus
1234 746 1427 794 censet,
1459 755 1553 785 nec
1585 739 1681 785 alio
1713 739 1812 785 ullo

334 838 482 884 modo
542 838 730 885 laudat.
809 839 955 885 condi
1017 839 1167 885 olivas
1231 842 1421 903 optime
1483 838 1697 886 orchites
1759 847 1812 886 et

332 942 494 1001 posias
533 939 611 985 vel
651 939 830 985 virides
869 943 920 985 in
958 943 1118 985 muria
1157 940 1235 986 vel
1273 939 1457 986 fractas
1495 943 1547 986 in
1585 940 1810 987 lentisco.

333 1038 497 1084 oleum
523 1056 672 1101 quam
698 1040 1014 1085 acerbissima
1037 1039 1165 1085 oliva
1187 1042 1434 1103 optimum
1459 1039 1580 1086 fieri.
1641 1047 1812 1087 cetero

334 1142 700 1202 quamprimum
737 1156 764 1185 e
800 1147 936 1186 terra
971 1139 1322 1202 colligendam,
1358 1142 1398 1186 si
1433 1143 1696 1202 inquinata
1730 1144 1812 1196 sit,

334 1238 613 1295 lavandam,
637 1242 809 1285 siccari
834 1239 999 1286 triduo
1024 1243 1144 1286 satis
1170 1255 1308 1294 esse,
1342 1242 1382 1286 si
1407 1240 1584 1303 gelent
1610 1239 1810 1303 frigora,

333 1347 512 1401 quarto
531 1339 613 1385 die
630 1340 988 1403 premendam3
1025 1339 1153 1385 hanc
1174 1347 1227 1386 et
1247 1340 1348 1386 sale
1371 1343 1583 1404 aspergi.
1645 1341 1809 1387 oleum

332 1442 382 1484 in
402 1439 630 1486 tabulato
651 1443 806 1486 minui
827 1440 1151 1503 deteriusque
1175 1440 1298 1495 fieri,
1319 1443 1444 1486 item
1464 1443 1514 1485 in
1536 1457 1737 1487 amurca
1758 1448 1810 1487 et

336 1538 709 1586 fracibus—hae
755 1548 872 1586 sunt
915 1557 1089 1586 carnes
1136 1547 1189 1586 et
1234 1540 1351 1586 inde
1398 1539 1592 1595 faeces3
1655 1557 1809 1604 quare

331 1643 527 1703 saepius
570 1640 652 1687 die
694 1640 1047 1704 capulandum,
1088 1648 1355 1703 praeterea
1396 1640 1622 1687 coneha2
1665 1649 1718 1688 et
1759 1645 1810 1688 in

330 1740 590 1803 plumbeas
620 1744 863 1788 cortinas:
913 1758 1028 1787 aere
1059 1744 1238 1787 vitiari.
1306 1741 1614 1788 ferventibus
1645 1746 1810 1788 omnia

332 1857 392 1887 ea
443 1841 547 1886 fieri
595 1841 873 1905 clausisque
924 1841 1251 1888 torcularibus
1302 1849 1355 1888 et
1405 1859 1556 1905 quam
1605 1845 1808 1889 minime

331 1941 599 1997 ventilatis,
624 1943 737 1988 ideo
762 1959 855 1988 nec
886 1943 1021 2005 ligna
1045 1943 1112 1988 ibi
1145 1942 1287 1988 caedi
1324 1950 1555 2006 oportere
1594 1943 1713 2006 (qua
1744 1944 1808 1989 de

329 2059 478 2088 causa
500 2059 526 2088 e
550 2042 735 2089 nucleis
757 2046 975 2106 ipsarum
997 2046 1123 2106 ignis
1147 2043 1452 2106 aptissimus)
1470 2058 1482 2098 ;
1522 2060 1585 2089 ex
1606 2047 1808 2090 cortinis

331 2146 380 2187 in
404 2142 541 2188 labra
566 2142 895 2199 fundendum,
921 2151 977 2189 ut
1003 2143 1162 2190 fraces
1187 2151 1240 2190 et
1265 2160 1468 2189 amurca
1491 2144 1808 2207 linquantur:

331 2243 393 2289 ob
417 2243 467 2289 id
490 2244 708 2290 crebrius
733 2260 849 2290 vasa
873 2244 1133 2300 mutanda,
1158 2244 1350 2290 fiscinas
1375 2248 1583 2308 spongia
1606 2251 1806 2308 tergen-

559 2435 574 2459 1
608 2434 709 2474 Edd.
731 2435 892 2485 (dicent
915 2435 1127 2486 Mayhoff)
1145 2451 1154 2475 ι
1186 2435 1330 2474 dicens
1350 2440 1422 2474 aut
1442 2435 1606 2476 dieunt.

558 2489 571 2511 ²
607 2488 808 2528 Mueller:
841 2488 1060 2527 concham.

328 2622 414 2665 302
