1909 2998
220 896 273 934 69

557 197 802 245 PLINY:
865 198 1194 245 NATURAL
1238 199 1535 246 HISTORY

304 327 535 389 pinguius
569 328 733 388 gignit
769 326 901 388 quod
938 333 1083 372 vocat
1118 343 1363 373 sucosum.
1430 326 1780 376 Baeterrarum

304 422 436 466 intra
486 418 674 465 Gallias
725 423 951 466 consistit
1002 423 1299 475 auctoritas3
1367 420 1431 467 de
1481 421 1681 485 reliquis
1730 426 1781 469 in

305 513 617 560 Narbonensi
667 516 850 576 genitis
902 513 1198 560 adseverare
1249 530 1348 560 non
1401 522 1495 570 est,
1546 519 1781 578 quoniam

303 606 546 653 officinam
573 610 676 653 eius
701 610 773 653 rei
800 606 964 654 fecere
988 610 1279 670 tinguentes
1307 607 1461 663 fumo,
1487 612 1781 673 utinamque

305 717 403 746 non
426 707 478 746 et
498 699 663 746 herbis
685 717 741 747 ac
762 688 1173 747 medicaminibus
1194 704 1352 748 noxiis
1370 717 1381 747 :
1419 705 1604 764 quippe
1625 707 1781 750 etiam

305 793 414 840 aloe
439 801 689 841 mercator
710 811 939 856 saporem
962 794 1278 857 coloremque
1303 795 1571 843 adulterat.

369 888 553 935 Verum
578 895 630 935 et
650 887 996 952 longinquiora
1018 888 1195 935 Italiae
1216 889 1278 934 ab
1298 889 1518 936 Ausonio
1539 894 1663 938 mari
1683 908 1782 938 non

305 990 479 1029 carent
505 982 681 1045 gloria,
707 982 978 1028 Tarentina
1006 990 1058 1028 et
1093 982 1372 1029 Servitiana
1399 990 1452 1029 et
1478 982 1780 1032 Consentiae

305 1079 479 1140 genita
515 1083 567 1122 et
600 1076 846 1138 Tempsae
880 1092 937 1122 ac
970 1075 1084 1121 Bari
1118 1076 1213 1121 acl
1239 1075 1443 1122 Lucana
1477 1094 1607 1140 quae
1641 1085 1781 1125 ante-

303 1170 490 1217 cedunt
511 1170 530 1198 2
582 1168 826 1216 Thurinis.
894 1172 1114 1216 omnium
1169 1186 1285 1216 vero
1339 1187 1509 1216 eorum
1564 1175 1781 1219 maxime

304 1263 553 1310 illustrata
574 1262 825 1310 Messalae
845 1262 999 1309 Potiti
1022 1263 1184 1310 salute
1205 1263 1471 1326 Lagarina,
1490 1281 1589 1311 non
1612 1266 1779 1327 procul

305 1357 588 1403 Grumento
651 1360 925 1403 nascentia.
991 1357 1266 1419 Campania
1322 1374 1482 1420 nuper
1545 1362 1780 1406 excitavit

304 1454 440 1497 novis
469 1451 749 1496 nominibus
779 1454 1134 1497 auctoritatem
1158 1454 1261 1497 sive
1288 1468 1406 1497 cura
1433 1455 1534 1498 sive
1561 1469 1696 1508 casu,
1717 1451 1781 1498 ad

303 1552 537 1607 quartum
557 1561 583 1590 a
606 1544 816 1607 Neapoli
833 1544 1053 1606 lapidem
1072 1543 1376 1600 Trebellicis,
1395 1547 1535 1592 iuxta
1555 1545 1778 1608 Capuam

302 1638 536 1694 Caulinis,
549 1645 601 1685 et
615 1641 665 1684 in
680 1655 767 1685 suo
783 1655 902 1701 agro
915 1637 1226 1693 Trebulanis,
1241 1637 1424 1701 alioqui
1437 1655 1637 1700 semper
1648 1641 1781 1686 inter

301 1732 516 1794 plebeia,
574 1739 627 1779 et
686 1731 932 1778 Trifolinis
991 1731 1221 1795 gloriata.
1288 1748 1405 1777 nam
1466 1731 1779 1794 Pompeianis

301 1843 549 1873 summum
596 1826 771 1873 decem
821 1842 1062 1872 annorum
1108 1830 1473 1872 incrementum
1521 1833 1614 1881 est,
1660 1826 1778 1873 nihil

301 1927 505 1966 senecta
533 1919 853 1973 conferente;
883 1919 1051 1965 dolore
1082 1923 1237 1965 etiam
1266 1922 1486 1981 capitum
1512 1922 1562 1965 in
1582 1928 1776 1966 sextam

301 2012 473 2060 horam
490 2014 588 2060 diei
610 2016 866 2075 sequentis
889 2012 1072 2059 infesta
1097 2011 1557 2075 deprehenduntur.
1601 2013 1778 2076 quibus

302 2107 561 2169 exemplis,
599 2110 691 2153 nisi
733 2106 892 2162 fallor,
934 2106 1259 2153 manifestum
1303 2113 1380 2152 est
1420 2109 1638 2168 patriam
1679 2114 1779 2153 ter-

299 2217 508 2263 ramque
533 2200 736 2255 referre,
761 2216 860 2245 non
884 2217 1051 2255 uvam,
1076 2207 1129 2246 et
1153 2216 1512 2262 supervacuam
1536 2216 1776 2262 generum

299 2298 724 2342 consectationem
762 2297 811 2339 in
848 2310 1128 2348 numerum,
1155 2310 1268 2339 cum
1298 2293 1477 2339 eadem
1505 2296 1616 2340 vitis
1644 2293 1777 2340 aliud

367 2437 378 2459 ²
411 2448 460 2473 ac
482 2435 582 2473 Bari
603 2446 652 2472 ac
672 2434 879 2485 Dellessen
897 2433 1135 2483 (Calabriae
1157 2432 1394 2483 Mayhoff):
1426 2446 1476 2472 ac
1497 2433 1704 2473 Babbiae.

362 2489 377 2512 ²
406 2489 612 2540 Detlessen
631 2503 640 2527 z
671 2488 931 2538 Lucanaque
950 2487 1319 2526 antecedentibus.

303 2594 386 2638 ²32
