1909 2998
579 168 823 213 PLINY:
889 168 1218 214 NATURAL
1263 167 1560 215 HISTORY

274 302 298 339 6
321 293 566 349 cecidere,
603 311 659 340 ac
695 296 938 340 servitute
975 294 1078 340 sola
1111 294 1283 357 profici
1307 294 1326 323 1
1360 302 1612 358 coeptum.
1681 293 1808 341 hanc

326 374 448 419 alius
490 374 585 420 alio
626 374 775 420 modo
816 382 869 420 et
909 377 960 419 in
1001 374 1107 420 aliis
1149 374 1375 430 adorare,
1416 374 1595 420 eodem
1635 381 1808 421 tamen

326 454 645 516 habendique
673 454 736 500 ad
773 471 885 517 spes
912 457 1134 500 omnium
1164 454 1411 500 tendente
1437 461 1584 508 vot03
1624 457 1809 517 passim

327 551 443 580 vero
476 537 631 580 etiam
667 537 858 597 egregii
895 533 1058 580 aliena
1089 537 1211 580 vitia
1247 551 1398 596 quam
1433 534 1566 580 bona
1603 551 1692 580 sua
1730 551 1809 580 co-

327 613 427 660 lere
467 613 629 660 malle.
700 631 836 677 ergo,
866 614 1127 669 Hercules,
1163 614 1391 677 voluptas
1426 617 1592 660 vivere
1625 617 1810 678 coepit,

277 702 299 739 7
324 697 427 740 vita
457 697 563 757 ipsa
594 694 760 740 desiit.
829 694 919 740 sed
949 711 1037 740 nos
1069 694 1363 740 oblitterata
1393 711 1592 757 quoque
1622 702 1810 741 scruta-

326 775 506 830 bimur,
544 791 636 820 nec
671 774 952 821 deterrebit
989 774 1302 837 quarundam
1337 791 1504 820 rerum
1538 773 1810 830 humilitas,

327 857 473 900 sicuti
511 871 603 900 nec
641 857 692 900 in
731 854 1026 900 animalibus
1065 853 1204 910 fecit,
1243 871 1548 918 quamquam
1585 854 1810 901 videmus

328 934 603 997 Vergilium
648 934 1184 998 praecellentissimum
1231 942 1400 981 vatem
1447 951 1508 981 ea
1553 934 1617 981 de
1663 951 1812 982 causa

328 1014 585 1061 hortorum
611 1014 756 1061 dotes
784 1014 971 1077 fugisse
999 1022 1051 1061 et
1077 1018 1128 1060 in
1157 1014 1232 1061 his
1260 1032 1382 1078 quas
1399 1016 1417 1044 2
1442 1015 1642 1062 rettulit
1667 1014 1811 1061 flores

328 1094 477 1140 modo
500 1112 666 1141 rerum
691 1095 1019 1158 decerpsisse,
1043 1096 1252 1141 beatum
1276 1095 1576 1158 felicemque
1601 1098 1812 1158 gratiae,

330 1175 616 1237 quindecim
675 1178 876 1221 omnino
934 1176 1202 1237 generibus
1262 1192 1469 1222 uvarum
1528 1178 1812 1231 nominatis,

329 1255 487 1301 tribus
532 1255 692 1311 oleae,
736 1255 952 1301 totidem
995 1259 1233 1319 pirorum,
1278 1256 1409 1301 malo
1452 1272 1569 1301 vero
1612 1263 1812 1302 tantum

329 1335 551 1398 Assyrio,
575 1338 756 1381 ceteris
781 1336 1009 1381 omnibus
1035 1336 1294 1399 neglectis.

279 1423 303 1460 8
393 1415 460 1461 ΙΙ.
500 1415 650 1461 Unde
676 1423 848 1462 autem
872 1419 1039 1479 potius
1059 1419 1354 1479 incipiamus
1375 1433 1527 1478 quam
1546 1433 1575 1462 a
1594 1417 1811 1463 vitibus?

331 1512 541 1558 quarum
571 1498 880 1559 principatus
912 1499 963 1541 in
995 1504 1196 1542 tantum
1227 1496 1490 1559 peculiaris
1524 1496 1703 1543 Italiae
1736 1504 1813 1543 est

331 1583 387 1621 ut
409 1575 488 1621 vel
510 1575 602 1621 hoc
625 1593 724 1622 uno
747 1579 913 1622 omnia
935 1579 1166 1639 gentium
1190 1579 1364 1623 vicisse
1388 1579 1544 1623 etiam
1567 1575 1813 1623 odorifera

328 1658 486 1718 possit
548 1655 703 1702 videri
763 1657 911 1712 bona,
962 1660 1197 1719 quoniam
1219 1656 1238 1685 3
1298 1657 1599 1720 ubicumque
1658 1657 1813 1720 pube-

330 1739 577 1782 scentium
602 1736 740 1782 odori
763 1736 898 1782 nulla
920 1740 1138 1783 suavitas
1161 1736 1460 1800 praefertur.

280 1823 304 1860 9
405 1815 546 1862 Vites
607 1819 712 1863 iure
772 1816 907 1880 apud
963 1820 1150 1880 priscos
1206 1817 1555 1880 magnitudine
1615 1834 1813 1880 quoque

331 1898 463 1941 inter
506 1897 707 1943 arbores
751 1898 1160 1944 numerabantur.
1232 1897 1360 1943 Iovis
1404 1897 1722 1943 simulacrum
1764 1900 1814 1942 in

333 1976 454 2021 urbe
489 1974 763 2040 Populonio
797 1994 858 2023 ex
893 1994 992 2023 una
1021 1980 1351 2041 conspicimus
1383 1985 1463 2024 tot
1494 1980 1628 2024 aevis
1659 1980 1815 2023 incor-

332 2063 553 2119 ruptum,
589 2059 714 2102 item
754 2057 1007 2103 Massiliae
1049 2065 1310 2121 pateram3
1364 2056 1653 2121 Metaponti
1688 2064 1815 2103 tem-

836 2184 850 2207 1
880 2183 1024 2233 perfici
1045 2183 1281 2224 Hardouin.

835 2237 849 2259 ²
883 2237 1118 2275 Rackham:
1151 2249 1272 2287 quae.

833 2290 848 2312 ³
878 2290 1002 2329 Fels:
1035 2303 1314 2340 quamquam.

701 2493 719 2512 ‘²
747 2487 802 2528 So
824 2487 959 2526 called
979 2488 1088 2527 from
1110 2489 1165 2528 its
1185 2488 1465 2528 trade-route.

344 2578 425 2620 190
