1909 2998
199 329 252 367 50

201 1050 249 1089 51

201 1451 254 1490 52

203 1934 255 1972 53

532 192 777 239 PLINY:
842 189 1172 237 NATURAL
1218 188 1514 236 HISTORY

345 321 533 367 XXIX.
573 318 741 365 Simile
775 317 849 364 his
883 325 936 364 et
968 320 1168 364 nomine
1202 323 1255 363 et
1288 315 1470 363 frutice
1504 315 1763 363 cardamo-

282 418 437 455 mum,
474 403 664 446 semine
712 398 942 461 oblongo.
1025 400 1235 444 metitur
1283 396 1464 444 eodem
1510 397 1661 443 modo
1709 400 1761 443 in

282 481 483 526 Arabia.
567 486 807 543 quattuor
856 482 962 525 eius
1020 493 1236 541 genera:
1295 477 1650 523 viridissimum
1708 494 1765 524 ac

280 564 486 624 pingue,
502 563 661 606 acutis
677 559 871 622 angulis
887 566 1159 605 contumax
1176 555 1508 604 frianti—hoc
1527 574 1764 605 maxume

281 640 530 697 laudatur,
545 643 830 703 proximum
855 656 882 685 e
908 638 1018 685 rufo
1036 638 1322 693 candicans,
1338 641 1549 684 tertium
1567 638 1766 685 brevius

283 728 436 783 atque
477 723 682 783 nigrius,
717 722 860 783 peius
901 726 1076 765 tamen
1117 721 1308 764 varium
1351 725 1404 764 et
1446 716 1598 764 facile
1641 721 1767 765 tritu

283 801 547 863 odorisque
570 803 727 864 parvi,
744 803 828 863 qui
847 802 899 845 in
917 816 1034 845 vero
1049 799 1069 829 1
1093 806 1232 845 costo
1257 801 1444 845 vicinus
1465 814 1573 845 esse
1593 797 1764 845 debet.

282 880 376 927 hoc
418 888 470 927 et
513 881 646 945 apud
691 879 872 927 Medos
914 883 1149 926 nascitur.
1216 882 1437 943 pretium
1480 881 1672 943 optumi
1716 882 1767 924 in

283 962 432 1008 libras
458 963 497 1008 Χ
525 978 601 1008 111.

346 1042 505 1089 XXX.
544 1041 871 1087 Cinnamomo
888 1043 1118 1104 proxima
1135 1039 1394 1103 gentilitas
1421 1047 1548 1096 erat,
1566 1043 1616 1086 ni
1631 1043 1768 1104 prius

284 1122 501 1168 Arabiae
540 1121 739 1168 divitias
775 1120 983 1167 indicari
1019 1123 1311 1167 conveniret
1335 1136 1610 1183 causasque
1637 1137 1767 1185 quae

283 1219 561 1265 cognomen
591 1201 660 1247 illi
696 1200 855 1248 felicis
893 1218 949 1247 ac
984 1201 1168 1247 beatae
1205 1200 1410 1247 dedere.
1478 1200 1770 1264 principalia

286 1299 405 1346 ergo
423 1285 474 1327 in
497 1282 580 1327 illa
603 1289 684 1329 tus
709 1289 863 1345 atque
883 1296 1077 1336 murra;
1115 1280 1242 1327 haec
1262 1288 1315 1327 et
1335 1297 1450 1327 cum
1468 1280 1769 1345 Trogodytis

284 1366 577 1418 communis,
631 1369 747 1408 tura
801 1369 1006 1425 praeter
1063 1362 1304 1407 Arabiam
1369 1360 1533 1417 nullis,
1591 1377 1648 1407 ac
1706 1378 1770 1407 ne

286 1444 504 1489 Arabiae
532 1442 737 1505 quidem
765 1446 1041 1488 universae.
1109 1445 1160 1487 in
1188 1441 1357 1487 medio
1385 1444 1490 1487 eius
1519 1440 1624 1487 fere
1653 1448 1771 1488 sunt

285 1524 612 1579 Astramitae,
630 1539 790 1586 pagus
812 1522 1136 1578 Sabaeorum,
1156 1525 1324 1585 capite
1346 1524 1490 1584 regni
1508 1520 1700 1568 'Sabota
1719 1524 1770 1567 in

285 1611 457 1650 monte
489 1603 703 1659 excelso,
736 1620 764 1649 a
796 1620 894 1666 quo
926 1610 1040 1649 octo
1070 1602 1412 1648 mansionibus
1443 1601 1601 1649 distat
1631 1605 1770 1665 regio

286 1701 458 1731 eorum
517 1683 727 1730 turifera
785 1683 959 1729 Sariba
1019 1681 1432 1747 appellata—hoc
1491 1682 1770 1745 significare

286 1764 466 1811 Graeci
485 1767 782 1827 mysterium
802 1764 991 1810 dicunt.
1061 1770 1261 1827 spectat
1282 1769 1419 1809 ortus
1440 1762 1556 1809 solis
1576 1766 1770 1819 aestivi,

285 1845 506 1907 undique
549 1846 753 1909 rupibus
795 1847 927 1890 invia
969 1851 1022 1890 et
1065 1861 1094 1889 a
1135 1844 1350 1890 dextera
1391 1846 1516 1889 mari
1557 1843 1772 1906 scopulis

286 1928 552 1971 inaccesso.
620 1925 672 1970 id
733 1924 892 1970 solum
956 1941 983 1970 e
1046 1925 1195 1970 rubro
1256 1924 1475 1970 lacteum
1538 1924 1768 1970 traditur.

286 2005 518 2051 silvarum
544 2004 805 2068 longitudo
826 2012 903 2051 est
936 2004 1139 2051 schoeni
1162 2020 1242 2060 xx,
1268 2003 1485 2050 latitudo
1509 2003 1770 2054 dimidium

592 2124 607 2148 ¹
638 2124 682 2162 in
702 2125 832 2162 vero?
866 2122 918 2160 M
919 2122 1064 2173 aykoff
1079 2137 1087 2161 :
1120 2134 1220 2160 vero
1242 2127 1315 2160 aut
1335 2134 1475 2161 verus.

345 2306 362 2322 ‘¹
391 2298 468 2338 See
491 2299 508 2347 ξ
528 2300 581 2337 48
602 2302 720 2337 note.

345 2352 360 2376 ὁ
389 2351 542 2402 Really
562 2352 596 2390 it
615 2363 728 2401 grew
747 2350 915 2390 further
935 2355 1046 2397 east,
1070 2350 1150 2389 but
1171 2350 1205 2390 it
1227 2362 1313 2389 was
1343 2349 1557 2401 imported
1584 2349 1770 2401 through

292 2405 433 2445 Media
453 2404 541 2444 and
561 2404 734 2444 Arabia.

346 2466 360 2484 ⁶
386 2458 700 2498 Frankincense
720 2457 754 2496 is
775 2456 981 2496 obtained
998 2457 1108 2496 from
1125 2457 1286 2508 species
1306 2455 1355 2496 of
1371 2455 1602 2504 Boswelliffl
1624 2455 1770 2507 myrrh

293 2513 403 2552 from
424 2510 804 2551 Balsamodendron
822 2510 1003 2562 myrrha.

288 2589 346 2648 36
