1940 2998
580 209 824 255 PLINY:
889 208 1219 254 NATURAL
1264 207 1563 254 HISTORY

333 340 540 384 traversi
563 340 612 382 in
633 336 815 400 pulpa3
856 335 989 399 apud
1012 338 1242 397 antiquos
1264 335 1380 380 inde
1405 342 1457 381 e'c
1478 337 1605 381 vasis
1626 333 1810 381 honos:

336 404 425 450 M’.
451 404 626 449 Curius
647 406 829 449 iuravit
849 419 902 448 se
924 401 1043 447 nihil
1067 418 1128 447 ex
1147 402 1338 465 praeda
1359 404 1587 464 attigisse
1607 409 1811 465 praeter

333 478 536 534 guttum
562 470 787 532 saginum
814 485 912 531 quo
937 468 1252 514 sacrificaret.

230 545 306 584 186
395 537 610 600 Lignum
639 539 691 581 in
725 535 1092 598 longitudinem
1121 533 1324 590 fluitat,¹
1354 540 1511 598 utque
1542 550 1772 597 quaeque
1791 534 1810 563 2

331 621 444 666 pars
489 605 689 666 propior
707 601 727 631 3
772 601 868 648 fuit
913 602 976 648 ab
1020 601 1207 657 radice,
1251 600 1460 647 validius
1505 601 1638 647 sidit.
1707 603 1812 663 qui-

333 670 543 716 busdam
588 669 743 733 pulpa
787 672 894 714 sine
941 671 1078 714 venis
1124 684 1263 714 mero
1309 669 1523 714 stamine
1571 674 1624 714 et
1669 670 1811 713 tenui

333 743 558 790 constat3
605 735 729 782 haec
759 738 977 781 maxime
1009 734 1189 781 fissilia.
1259 733 1355 780 alia
1384 732 1546 797 frangi
1574 732 1813 780 celeriora

335 820 486 866 quam
509 802 647 858 findi,
670 803 848 865 quibus
869 801 1024 865 pulpa
1046 818 1145 847 non
1169 807 1262 856 est,
1286 808 1343 847 ut
1365 800 1525 856 oleae,
1547 803 1691 847 vites.
1759 807 1813 846 at

335 886 362 916 e
387 872 634 916 contrario
657 876 875 915 totum'e
901 884 1048 914 carne
1074 884 1252 931 corpus
1278 867 1387 923 fico,
1403 874 1515 913 tota
1539 883 1681 913 ossea
1700 866 1814 913 est*

333 937 451 992 ilex,
473 952 667 992 cornus,
691 936 857 991 robur,
882 938 1085 998 cytisus,
1109 950 1292 990 morus,
1323 933 1565 990 hebenus,
1596 933 1724 980 lotos
1760 940 1813 980 et

336 1020 464 1066 quae
506 1006 611 1049 sine
646 1002 865 1049 medulla
900 1018 1007 1048 esse
1042 1001 1272 1048 diximus.
1352 1003 1533 1047 ceteris
1567 1003 1813 1064 nigricans

334 1070 482 1125 color,
516 1069 651 1116 fulva
685 1085 862 1115 cornus
903 1071 954 1114 in
989 1067 1245 1114 venabulis
1288 1069 1419 1113 nitet
1459 1069 1681 1113 incisuris
1727 1083 1814 1113 no-

335 1137 455 1183 data
481 1143 690 1200 propter
721 1135 969 1182 decorem.
1037 1135 1215 1180 cedrus
1246 1141 1298 1180 et
1325 1134 1450 1179 larix
1480 1140 1533 1180 et
1560 1136 1813 1197 iuniperus

230 1211 307 1250 187
340 1204 538 1249 rubent.
607 1203 731 1248 larix
776 1202 964 1248 femina
1009 1200 1164 1247 habet
1210 1217 1361 1263 quam
1411 1200 1591 1247 Graeci
1635 1207 1814 1247 vocant

337 1270 517 1333 aegida
562 1269 757 1316 melleic
805 1269 977 1322 oloris3
1018 1271 1278 1314 inventum
1323 1270 1572 1331 pictorum
1617 1267 1814 1314 tabellis

335 1336 598 1383 inmortale
625 1336 869 1398 nullisque
896 1334 1043 1381 fissile
1067 1337 1202 1380 rimis
1222 1334 1243 1364 ⁵
1274 1333 1367 1380 hoc
1390 1333 1612 1397 lignum:
1650 1337 1815 1398 proxi-

335 1420 474 1449 mum
502 1402 752 1449 medullae
781 1409 888 1456 est3
923 1405 975 1447 in
1003 1402 1172 1448 abiete
1199 1400 1366 1447 lusson
1403 1401 1583 1447 Graeci
1618 1407 1812 1447 vocant.

338 1470 474 1517 cedri
496 1485 693 1532 quoque
717 1469 978 1515 durissima
1000 1484 1128 1531 quae
1150 1467 1400 1514 medullae
1420 1470 1666 1531 proxima,
1687 1474 1744 1513 ut
1764 1471 1815 1512 in

336 1553 540 1599 corpore
569 1553 695 1591 ossa,
723 1536 900 1582 deraso
926 1535 1077 1581 modo
1103 1535 1235 1580 limo.
1305 1541 1358 1581 et
1384 1535 1554 1580 sabuci
1579 1537 1815 1580 interiora

338 1607 459 1649 mire
503 1603 645 1648 firma
686 1602 970 1658 traduntur,
1015 1601 1318 1664 quidamque
1362 1600 1608 1647 venabula
1650 1617 1712 1646 ex
1756 1617 1815 1647 ea

337 1669 629 1733 praeferunt
653 1669 898 1725 omnibus,
921 1675 1121 1715 constat
1145 1663 1279 1714 enirn
1303 1685 1365 1715 ex
1389 1674 1506 1714 cute
1531 1674 1584 1714 et
1607 1668 1812 1713 ossibus.

398 1797 412 1821 1
442 1796 699 1835 Pintianus:
730 1795 980 1836 fluctuatur.

397 1850 413 1926 Ξ
441 1850 959 1942 ΒξῆἅνῶὲὺὲἓέἰῘῗαυέ
979 1848 1177 1899 Mueller)
1196 1864 1204 1888 :
1237 1853 1285 1887 ut
1308 1861 1415 1899 quae
1435 1853 1507 1887 aut
1527 1851 1674 1899 utque.

399 1957 414 1980 ⁴
443 1917 507 1995 {gt
522 1917 604 1995 Em.
630 1957 680 1995 Μ
682 1933 826 2007 aiflzofs
841 1971 848 1995 :
880 1933 1000 1995 totae
1020 1968 1165 1994 osseae
1186 1958 1318 1994 sunt?
1349 1955 1572 1994 Rackham.

398 2012 412 2034 ⁵
443 2010 664 2048 inventum
698 2040 706 2048 .
740 2039 748 2048 .
782 2040 790 2048 .
822 2010 938 2048 rimis
972 2013 1064 2059 post
1097 2008 1176 2048 hoc
1213 2009 1377 2059 lignum
1406 2038 1416 2047 .
1448 2037 1458 2048 .
1490 2037 1500 2047 .
1530 2011 1687 2047 vocant
1724 2008 1812 2047 coll.

342 2064 544 2114 Tlceophr.
566 2068 614 2102 tr.
637 2063 845 2113 Mayhoff.

389 2277 407 2294 ‘⁸
435 2269 523 2308 The
554 2270 695 2308 clause
726 2270 875 2308 ‘when
906 2270 1030 2307 made
1061 2299 1069 2307 .
1103 2299 1112 2307 .
1146 2298 1154 2307 .
1187 2268 1358 2307 cracks’
1391 2269 1526 2318 ought
1556 2269 1740 2319 perhaps
1768 2273 1816 2307 to

338 2323 389 2361 be
418 2322 672 2374 transposed
703 2322 837 2361 below
858 2326 905 2361 to
925 2322 1114 2361 describe
1133 2322 1209 2361 the
1228 2321 1352 2361 wood
1382 2322 1519 2361 called
1541 2327 1550 2343 ‘
1564 2322 1740 2370 lusson,'
1772 2323 1812 2360 in

339 2377 462 2416 order
480 2382 526 2415 to
547 2376 737 2416 conform
757 2376 863 2414 with
883 2375 1218 2426 Theophrastus.

392 2429 408 2455 ὁ
435 2432 621 2469 Λοῦοσον
641 2429 975 2481 Theophrastus.

390 2490 404 2507 ⁶
432 2483 520 2522 The
540 2483 775 2529 alburnum,
797 2482 850 2522 cf.
872 2483 890 2532 §
917 2483 1006 2521 182.

392 2536 409 2560 ¹¹
435 2537 501 2576 Sc.
522 2537 566 2575 in
586 2536 756 2576 Greeee.

340 2614 427 2672 508
