1909 2998
160 549 235 586 127

511 223 754 270 PLINY:
819 224 1148 270 NATURAL
1193 224 1489 271 HISTORY

259 356 311 396 et
351 349 582 412 aquilone
620 350 776 396 flante
814 348 1016 405 hauriri,
1055 351 1149 405 vel,
1189 354 1229 397 si
1266 354 1396 398 circa
1434 351 1734 398 vindemiam

256 445 530 503 hauriatur,
553 447 779 510 decoqui.

324 543 413 590 Pix
444 548 495 590 in
527 543 675 590 Italia
704 545 768 591 ad
798 561 916 591 vasa
945 547 1058 591 vino
1088 544 1349 591 condendo
1379 547 1598 592 maxime
1627 561 1737 607 pro-

257 640 407 686 batur
447 640 672 695 Bruttia;
740 641 796 687 fit
848 657 875 687 e
924 644 1099 703 piceae
1149 644 1327 688 resina.
1394 643 1445 686 in
1495 640 1739 703 Hispania

258 744 430 783 autem
462 754 488 783 e
519 741 752 799 pinastris
783 740 987 784 minime
1016 737 1254 792 laudat-a3
1303 744 1380 784 est
1412 740 1545 784 enim
1575 741 1738 784 resina

258 832 434 879 harum
465 851 635 880 amara
666 842 718 881 et
749 834 888 881 arida
920 841 972 880 et
1001 837 1140 897 gravi
1170 834 1337 880 odore.
1405 833 1737 880 differentiam

258 934 606 994 rationemque
638 931 854 978 faciendi
887 934 1114 993 proximo
1147 930 1396 977 volumine
1429 930 1739 977 demonstra-

258 1027 420 1074 bimus
447 1031 580 1074 inter
607 1028 806 1074 arbores
834 1027 981 1074 feras.
1050 1030 1171 1073 vitia
1198 1034 1402 1089 praeter
1428 1043 1577 1089 supra
1603 1027 1739 1074 dicta

259 1140 373 1170 acor
394 1131 481 1170 aut
503 1124 750 1170 fumidum
772 1128 919 1180 virus,
941 1127 1062 1186 picis
1086 1131 1259 1170 autem
1281 1123 1506 1178 adusti03
1547 1127 1740 1186 experi-

258 1228 487 1267 mentum
517 1238 633 1267 vero
662 1225 702 1267 si
732 1221 1016 1285 fragmenta
1048 1220 1344 1267 subluceant
1374 1236 1432 1267 ac
1461 1220 1553 1267 sub
1583 1220 1739 1267 dente

160 1322 235 1361 128
259 1317 539 1364 lentescant
606 1335 752 1364 acore
818 1317 1048 1364 iucundo.
1116 1317 1237 1363 Asia
1302 1319 1466 1379 picem
1533 1316 1738 1364 Idaeam

258 1417 477 1460 maxime
487 1415 686 1476 probat,
698 1414 911 1461 Graecia
922 1414 1184 1469 Piericam,
1198 1413 1443 1476 Vergilius
1456 1413 1737 1477 Naryciam.

259 1511 599 1574 diligentiores
645 1512 923 1558 admiscent
969 1515 1163 1575 nigram
1208 1514 1470 1566 masticen,
1516 1527 1645 1574 quae
1689 1515 1739 1558 in

260 1607 420 1655 Ponto
438 1608 672 1655 bitumini
690 1608 860 1655 similis
879 1612 1118 1672 gignitur,
1139 1615 1192 1654 et
1210 1611 1292 1654 iris
1311 1608 1533 1654 radicem
1553 1608 1740 1655 oleum-

260 1722 373 1768 que.
441 1722 559 1752 nam
575 1722 742 1752 ceram
767 1706 1126 1768 accipientibus
1152 1709 1279 1752 vasis
1304 1712 1600 1766 conpertum
1626 1709 1739 1751 vina

260 1819 516 1858 acescere3
557 1803 645 1850 sed
667 1803 939 1850 transferre
962 1806 1013 1849 in
1037 1819 1098 1849 ea
1121 1820 1239 1849 vasa
1261 1806 1312 1848 in
1336 1802 1514 1864 quibus
1538 1810 1739 1849 acetum

260 1900 412 1946 fuerit
433 1900 602 1947 utilius
626 1918 777 1964 quam
799 1904 850 1946 in
873 1917 934 1947 ea
955 1904 1006 1946 in
1029 1900 1207 1963 quibus
1231 1899 1375 1946 dulce
1398 1906 1486 1946 aut
1507 1899 1737 1947 mulsum.

161 2003 238 2042 129
262 1996 388 2043 Cato
413 1997 554 2044 iubet
579 2001 693 2043 vina
716 1996 1157 2044 concinnari—hoc
1183 2000 1316 2043 enim
1341 2000 1500 2043 utitur
1525 1997 1739 2043 verbo-

259 2098 434 2141 cineris
471 2094 604 2140 lixivi
630 2112 743 2141 cum
769 2095 969 2141 defruto
993 2098 1121 2141 cocti
1146 2101 1291 2156 parte
1318 2093 1701 2157 quadragesima
1721 2093 1739 2124 1

260 2194 310 2237 in
356 2190 588 2247 culleum,
632 2191 711 2237 vel
757 2191 871 2238 salis
919 2190 1230 2254 sesquilibra,
1278 2193 1480 2237 interim
1528 2197 1580 2236 et
1626 2198 1739 2238 tuso

261 2303 534 2342 marmore,
579 2288 700 2335 facit
729 2295 781 2334 et
809 2288 1020 2350 sulpuris
1048 2291 1375 2342 mentionem,
1402 2290 1595 2333 resinae
1623 2303 1738 2333 vero

162 2390 239 2429 130
262 2388 311 2430 in
346 2388 633 2432 novissimis.
703 2402 851 2447 super
884 2388 1051 2431 omnia
1084 2385 1201 2431 addi
1234 2391 1605 2431 maturescente
1638 2387 1738 2430 iam

498 2492 512 2515 ¹
544 2491 800 2530 Hermolaus
822 2503 842 2528 e
864 2491 1043 2530 Catone:
1077 2490 1521 2541 quadringentesima.

432 2604 449 2620 ‘²
482 2598 531 2637 In
553 2598 625 2637 the
646 2611 768 2638 sense
788 2597 839 2637 of
856 2597 1107 2651 employing
1130 2598 1238 2637 wine
1258 2597 1302 2636 in
1323 2611 1348 2636 a
1368 2597 1572 2637 laxativo.

266 2667 353 2713 270
