1909 2998
257 1168 310 1207 93

259 1747 311 1785 94

256 2079 307 2117 95

595 210 840 257 PLINY:
903 209 1234 256 NATURAL
1279 209 1575 258 HISTORY

341 342 393 385 in
412 344 614 385 tantum
635 336 883 384 dissimilis
903 339 1010 383 istis
1033 340 1117 399 qui
1139 339 1296 383 etiam
1317 340 1531 383 convivis
1554 337 1649 383 alia
1673 355 1822 401 quam

341 406 544 452 sibimet
605 408 722 466 ipsis
784 406 1070 450 ministrant
1133 410 1221 449 aut
1282 404 1588 465 procedente
1650 421 1823 452 mensa

342 472 607 519 subiciunt.

404 537 513 584 XV.
555 536 858 583 Lautissima
892 536 1025 599 apud
1062 539 1245 597 priscos
1270 539 1385 581 vina
1411 543 1554 583 erant
1590 536 1823 600 myrrhae

342 604 493 651 odore
509 603 729 658 condita,
744 610 802 649 ut
818 610 1030 665 apparet
1049 605 1099 647 in
1120 602 1284 648 Plauti
1300 602 1498 658 fabulis,
1518 620 1822 666 quamquam

340 674 392 717 in
416 687 477 717 ea
502 686 631 733 quae
651 669 803 716 Persa
826 669 1110 716 inscribitur
1129 669 1148 697 1
1174 676 1227 715 et
1250 668 1499 715 calamum
1524 670 1641 716 addi
1666 671 1820 717 iubet.

341 738 455 784 ideo
487 737 692 800 quidam
725 739 995 782 aromatite
1025 735 1303 782 delectatos
1334 739 1554 782 maxime
1584 737 1823 793 credunt3

342 805 431 851 sed
459 804 639 850 Fabius
667 804 957 849 Dossennus
983 801 1059 848 his
1085 802 1306 848 versibus
1332 802 1586 849 decernit:

510 893 785 940 Mittebam
810 895 978 939 vinum
1002 890 1282 955 pulchrum,
1305 895 1595 949 murrinam,

343 988 395 1027 et
418 983 467 1027 in
494 979 871 1027 Acharistione:

513 1066 702 1112 Panem
728 1073 780 1112 et
803 1065 1079 1128 polentam,
1103 1068 1271 1111 vinum
1294 1068 1585 1112 murrinam.

342 1160 632 1207 Scaevolam
671 1176 871 1223 quoque
911 1166 964 1206 et
1003 1159 1061 1205 L.
1101 1159 1301 1205 Aelium
1341 1165 1394 1205 et
1432 1159 1639 1206 Ateium
1678 1159 1823 1223 Capi-

339 1234 513 1273 tonem
544 1229 597 1272 in
628 1227 809 1273 eadem
840 1229 1096 1273 sententia
1127 1226 1279 1272 fuisse
1311 1225 1473 1282 video,
1505 1229 1741 1289 quoniam
1772 1231 1823 1274 in

342 1293 586 1340 Pseudolo
609 1296 702 1340 sit:

342 1383 490 1442 Quod
523 1387 564 1430 si
599 1400 721 1446 opus
758 1390 835 1430 est
870 1389 927 1429 ut
962 1381 1106 1429 dulce
1141 1389 1341 1444 promat
1365 1381 1607 1439 indidem,
1644 1384 1822 1446 ecquid

854 1448 1011 1496 habet
1027 1449 1276 1512 ?-—Rogas
1293 1449 1310 1494 ?

344 1516 641 1572 Murrinam,
665 1532 884 1579 passum,
909 1516 1184 1571 defrutum,
1207 1515 1423 1562 mella-—

342 1608 521 1670 quibus
553 1614 766 1669 apparet
797 1623 897 1653 non
926 1609 1059 1652 inter
1089 1609 1203 1652 vina
1233 1607 1382 1653 modo
1414 1609 1702 1662 murrinam,
1734 1608 1822 1654 sed

342 1677 474 1720 inter
497 1674 663 1720 dulcia
688 1689 889 1736 quoque
913 1676 1243 1719 nominatum.

407 1740 542 1785 XVI.
579 1739 868 1802 Apothecas
894 1740 1045 1786 fuisse
1073 1747 1125 1786 et
1150 1739 1358 1786 diffundi
1383 1740 1530 1787 solita
1554 1743 1667 1786 vina
1693 1757 1822 1786 anno

342 1822 561 1853 Dcxxxm
621 1807 754 1852 urbis
806 1813 1018 1868 apparet
1074 1806 1360 1853 indubitato
1418 1806 1672 1869 Opimiani
1724 1810 1820 1853 vini

340 1881 656 1937 argumento,
701 1876 804 1919 iam
849 1873 1182 1935 intellegente
1229 1890 1374 1919 suum
1420 1874 1608 1919 bonum
1656 1873 1819 1920 Italia.

340 1940 562 1986 nondum
629 1947 805 1986 tamen
860 1942 958 1986 ista
1012 1956 1201 2002 genera
1255 1943 1307 1986 in
1361 1939 1594 1986 claritate
1650 1947 1821 1995 erant3

339 2010 512 2069 itaque
561 2010 729 2053 omnia
775 2014 896 2052 tunc
945 2009 1120 2069 genita
1169 2022 1323 2052 unum
1371 2005 1562 2052 habent
1610 2006 1821 2053 consulis

341 2090 538 2120 nomen.
606 2076 675 2119 sic
736 2089 936 2135 quoque
997 2079 1175 2134 postea
1235 2073 1317 2119 diu
1380 2076 1712 2119 transmarina
1770 2076 1821 2118 in

346 2222 352 2229 ·
403 2169 418 2193 1
447 2167 587 2207 861ιὸῖῖ
602 2183 610 2207 :
648 2167 792 2207 Plauti
822 2167 969 2206 fabula
991 2180 1100 2218 quae
1127 2167 1257 2206 Persa
1283 2168 1530 2207 inscribitur
1556 2180 1819 2218 quamquam

342 2235 384 2260 in
405 2235 468 2260 ea..

394 2346 411 2364 ⁰
441 2339 493 2377 In
514 2339 641 2377 Persa
663 2340 796 2377 87-88
817 2337 936 2376 there
955 2338 990 2377 is
1011 2351 1036 2376 a
1055 2338 1193 2388 recipe
1214 2337 1281 2376 for
1301 2339 1622 2390 compounding
1641 2339 1821 2378 mulsum

338 2395 433 2441 (not
450 2392 515 2430 for
531 2391 768 2442 flavouring
785 2392 909 2440 wine)
923 2391 1059 2430 which
1076 2392 1194 2441 gives
1206 2390 1391 2431 calamus
1408 2405 1455 2431 as
1472 2404 1551 2431 one
1568 2392 1818 2443 ingredient,

339 2447 417 2484 but
438 2446 557 2483 there
577 2446 613 2483 is
634 2458 689 2484 no
711 2445 901 2483 mention
925 2445 973 2483 of
989 2445 1150 2495 myrrh.

392 2499 408 2523 ὁ
438 2498 630 2541 Plautus.
652 2498 801 2538 Pseud.
827 2499 1031 2537 740-741.

392 2558 407 2577 ⁰
435 2552 644 2602 Opimius.

343 2610 431 2664 248
