<?xml version="1.0" encoding="UTF-8"?>
<!DOCTYPE html PUBLIC "-//W3C//DTD XHTML 1.0 Transitional//EN"
    "http://www.w3.org/TR/xhtml1/DTD/xhtml1-transitional.dtd">
<html xmlns="http://www.w3.org/1999/xhtml" xml:lang="en" lang="en">
 <head>
  <title>
</title>
<meta http-equiv="Content-Type" content="text/html;charset=utf-8" />
  <meta name='ocr-system' content='tesseract 3.04.00' />
  <meta name='ocr-capabilities' content='ocr_page ocr_carea ocr_par ocr_line ocrx_word'/>
</head>
<body>
  <div class='ocr_page' id='page_1' title='image "./naturalhistory04plinuoft/naturalhistory04plinuoft_0502.png"; bbox 0 0 1940 2998; ppageno 0'>
   <div class='ocr_carea' id='block_1_1' title="bbox 239 872 316 910">
    <p class='ocr_par' dir='ltr' id='par_1_1' title="bbox 239 872 316 910">
     <span class='ocr_line' id='line_1_1' title="bbox 239 872 316 910; baseline 0.013 -1"><span class='ocrx_word' id='word_1_1' title='bbox 239 872 316 910; x_wconf 84' lang='lat'>159</span> 
     </span>
    </p>
   </div>
   <div class='ocr_carea' id='block_1_2' title="bbox 242 1392 317 1432">
    <p class='ocr_par' dir='ltr' id='par_1_2' title="bbox 242 1392 317 1432">
     <span class='ocr_line' id='line_1_2' title="bbox 242 1392 317 1432; baseline 0 -1"><span class='ocrx_word' id='word_1_2' title='bbox 242 1392 317 1432; x_wconf 82' lang='lat'>160</span> 
     </span>
    </p>
   </div>
   <div class='ocr_carea' id='block_1_3' title="bbox 593 212 1575 261">
    <p class='ocr_par' dir='ltr' id='par_1_3' title="bbox 593 212 1575 261">
     <span class='ocr_line' id='line_1_3' title="bbox 593 212 1575 261; baseline -0.002 0"><span class='ocrx_word' id='word_1_3' title='bbox 593 214 838 261; x_wconf 86' lang='lat' dir='ltr'>PLINY:</span> <span class='ocrx_word' id='word_1_4' title='bbox 903 213 1233 260; x_wconf 89' lang='lat' dir='ltr'><strong>NATURAL</strong></span> <span class='ocrx_word' id='word_1_5' title='bbox 1278 212 1575 260; x_wconf 89' lang='lat' dir='ltr'>HISTORY</span> 
     </span>
    </p>
   </div>
   <div class='ocr_carea' id='block_1_4' title="bbox 341 341 1829 1621">
    <p class='ocr_par' dir='ltr' id='par_1_4' title="bbox 341 341 1829 1621">
     <span class='ocr_line' id='line_1_4' title="bbox 343 341 1823 404; baseline -0.003 -15"><span class='ocrx_word' id='word_1_6' title='bbox 343 344 598 398; x_wconf 81' lang='lat' dir='ltr'>distincta,</span> <span class='ocrx_word' id='word_1_7' title='bbox 621 342 721 388; x_wconf 89' lang='lat' dir='ltr'>leni</span> <span class='ocrx_word' id='word_1_8' title='bbox 746 341 948 404; x_wconf 84' lang='lat' dir='ltr'>fastigio</span> <span class='ocrx_word' id='word_1_9' title='bbox 970 348 1211 388; x_wconf 86' lang='lat' dir='ltr'>tenuatur</span> <span class='ocrx_word' id='word_1_10' title='bbox 1233 343 1283 386; x_wconf 91' lang='lat' dir='ltr'>in</span> <span class='ocrx_word' id='word_1_11' title='bbox 1307 343 1566 387; x_wconf 85' lang='lat' dir='ltr'>cacumina</span> <span class='ocrx_word' id='word_1_12' title='bbox 1588 342 1823 386; x_wconf 84' lang='lat' dir='ltr'>crassiore</span> 
     </span>
     <span class='ocr_line' id='line_1_5' title="bbox 343 427 1824 494; baseline -0.003 -18"><span class='ocrx_word' id='word_1_13' title='bbox 343 429 604 494; x_wconf 82' lang='lat' dir='ltr'>paniculae</span> <span class='ocrx_word' id='word_1_14' title='bbox 646 445 807 484; x_wconf 91' lang='lat' dir='ltr'>coma,</span> <span class='ocrx_word' id='word_1_15' title='bbox 849 445 1014 491; x_wconf 85' lang='lat' dir='ltr'>neque</span> <span class='ocrx_word' id='word_1_16' title='bbox 1057 427 1149 474; x_wconf 86' lang='lat' dir='ltr'>hac</span> <span class='ocrx_word' id='word_1_17' title='bbox 1192 434 1650 491; x_wconf 79' lang='lat' dir='ltr'>supervacua—aut</span> <span class='ocrx_word' id='word_1_18' title='bbox 1692 430 1824 473; x_wconf 90' lang='lat' dir='ltr'>enim</span> 
     </span>
     <span class='ocr_line' id='line_1_6' title="bbox 341 513 1826 581; baseline -0.003 -18"><span class='ocrx_word' id='word_1_19' title='bbox 341 534 431 581; x_wconf 91' lang='lat' dir='ltr'>pro</span> <span class='ocrx_word' id='word_1_20' title='bbox 459 516 631 581; x_wconf 88' lang='lat' dir='ltr'>pluma</span> <span class='ocrx_word' id='word_1_21' title='bbox 661 523 820 562; x_wconf 88' lang='lat' dir='ltr'>strata</span> <span class='ocrx_word' id='word_1_22' title='bbox 851 532 1191 579; x_wconf 87' lang='lat' dir='ltr'>cauponarum</span> <span class='ocrx_word' id='word_1_23' title='bbox 1222 514 1386 578; x_wconf 90' lang='lat' dir='ltr'>replet</span> <span class='ocrx_word' id='word_1_24' title='bbox 1418 521 1523 570; x_wconf 87' lang='lat' dir='ltr'>aut,</span> <span class='ocrx_word' id='word_1_25' title='bbox 1555 514 1638 560; x_wconf 92' lang='lat' dir='ltr'>ubi</span> <span class='ocrx_word' id='word_1_26' title='bbox 1669 513 1826 577; x_wconf 89' lang='lat' dir='ltr'>ligno-</span> 
     </span>
     <span class='ocr_line' id='line_1_7' title="bbox 343 601 1826 665; baseline -0.002 -14"><span class='ocrx_word' id='word_1_27' title='bbox 343 608 470 651; x_wconf 88' lang='lat' dir='ltr'>siore</span> <span class='ocrx_word' id='word_1_28' title='bbox 489 603 508 633; x_wconf 85' lang='lat'>1</span> <span class='ocrx_word' id='word_1_29' title='bbox 557 603 780 650; x_wconf 87' lang='lat' dir='ltr'>induruit</span> <span class='ocrx_word' id='word_1_30' title='bbox 828 602 953 649; x_wconf 90' lang='lat' dir='ltr'>callo</span> <span class='ocrx_word' id='word_1_31' title='bbox 1003 605 1131 648; x_wconf 90' lang='lat' dir='ltr'>sicut</span> <span class='ocrx_word' id='word_1_32' title='bbox 1180 605 1231 647; x_wconf 91' lang='lat' dir='ltr'>in</span> <span class='ocrx_word' id='word_1_33' title='bbox 1280 601 1464 665; x_wconf 82' lang='lat' dir='ltr'>Belgis,</span> <span class='ocrx_word' id='word_1_34' title='bbox 1513 608 1723 647; x_wconf 89' lang='lat' dir='ltr'>contusa</span> <span class='ocrx_word' id='word_1_35' title='bbox 1773 608 1826 648; x_wconf 88' lang='lat' dir='ltr'>et</span> 
     </span>
     <span class='ocr_line' id='line_1_8' title="bbox 344 687 1824 737; baseline -0.003 0"><span class='ocrx_word' id='word_1_36' title='bbox 344 693 609 737; x_wconf 87' lang='lat' dir='ltr'>interiecta</span> <span class='ocrx_word' id='word_1_37' title='bbox 668 693 869 736; x_wconf 88' lang='lat' dir='ltr'>navium</span> <span class='ocrx_word' id='word_1_38' title='bbox 929 691 1260 736; x_wconf 84' lang='lat' dir='ltr'>commissuris</span> <span class='ocrx_word' id='word_1_39' title='bbox 1321 687 1593 735; x_wconf 79' lang='lat' dir='ltr'>feruminat</span> <span class='ocrx_word' id='word_1_40' title='bbox 1652 694 1824 734; x_wconf 83' lang='lat' dir='ltr'>textus</span> 
     </span>
     <span class='ocr_line' id='line_1_9' title="bbox 343 775 1697 841; baseline -0.002 -17"><span class='ocrx_word' id='word_1_41' title='bbox 343 777 537 841; x_wconf 89' lang='lat' dir='ltr'>glutino</span> <span class='ocrx_word' id='word_1_42' title='bbox 560 779 785 824; x_wconf 81' lang='lat' dir='ltr'>tenacior</span> <span class='ocrx_word' id='word_1_43' title='bbox 808 779 1044 839; x_wconf 88' lang='lat' dir='ltr'>rimisque</span> <span class='ocrx_word' id='word_1_44' title='bbox 1070 775 1331 839; x_wconf 87' lang='lat' dir='ltr'>explendis</span> <span class='ocrx_word' id='word_1_45' title='bbox 1357 775 1548 821; x_wconf 85' lang='lat' dir='ltr'>fidelior</span> <span class='ocrx_word' id='word_1_46' title='bbox 1569 777 1697 838; x_wconf 86' lang='lat' dir='ltr'>pice.</span> 
     </span>
     <span class='ocr_line' id='line_1_10' title="bbox 404 860 1827 926; baseline -0.003 -16"><span class='ocrx_word' id='word_1_47' title='bbox 404 864 554 910; x_wconf 88' lang='lat' dir='ltr'>LXV.</span> <span class='ocrx_word' id='word_1_48' title='bbox 596 864 808 910; x_wconf 87' lang='lat' dir='ltr'>Calamis</span> <span class='ocrx_word' id='word_1_49' title='bbox 829 866 1034 909; x_wconf 89' lang='lat' dir='ltr'>orientis</span> <span class='ocrx_word' id='word_1_50' title='bbox 1057 862 1230 926; x_wconf 93' lang='lat' dir='ltr'>populi</span> <span class='ocrx_word' id='word_1_51' title='bbox 1246 861 1379 908; x_wconf 89' lang='lat' dir='ltr'>bella</span> <span class='ocrx_word' id='word_1_52' title='bbox 1394 861 1681 916; x_wconf 86' lang='lat' dir='ltr'>conficiunt,</span> <span class='ocrx_word' id='word_1_53' title='bbox 1697 860 1827 907; x_wconf 88' lang='lat' dir='ltr'>cala-</span> 
     </span>
     <span class='ocr_line' id='line_1_11' title="bbox 345 948 1828 1013; baseline -0.003 -16"><span class='ocrx_word' id='word_1_54' title='bbox 345 955 435 998; x_wconf 88' lang='lat' dir='ltr'>mis</span> <span class='ocrx_word' id='word_1_55' title='bbox 464 958 679 998; x_wconf 89' lang='lat' dir='ltr'>mortem</span> <span class='ocrx_word' id='word_1_56' title='bbox 705 950 994 997; x_wconf 77' lang='lat' dir='ltr'>adcelerant</span> <span class='ocrx_word' id='word_1_57' title='bbox 1015 953 1170 1013; x_wconf 91' lang='lat' dir='ltr'>pinna</span> <span class='ocrx_word' id='word_1_58' title='bbox 1195 949 1385 1005; x_wconf 88' lang='lat' dir='ltr'>addita,</span> <span class='ocrx_word' id='word_1_59' title='bbox 1409 948 1611 995; x_wconf 90' lang='lat' dir='ltr'>calamis</span> <span class='ocrx_word' id='word_1_60' title='bbox 1640 948 1828 1012; x_wconf 87' lang='lat' dir='ltr'>spicula</span> 
     </span>
     <span class='ocr_line' id='line_1_12' title="bbox 345 1036 1827 1099; baseline -0.003 -14"><span class='ocrx_word' id='word_1_61' title='bbox 345 1038 538 1085; x_wconf 87' lang='lat' dir='ltr'>addunt</span> <span class='ocrx_word' id='word_1_62' title='bbox 574 1037 891 1085; x_wconf 90' lang='lat' dir='ltr'>inrevocabili</span> <span class='ocrx_word' id='word_1_63' title='bbox 929 1036 1078 1083; x_wconf 91' lang='lat' dir='ltr'>hamo</span> <span class='ocrx_word' id='word_1_64' title='bbox 1114 1037 1301 1089; x_wconf 82' lang='lat' dir='ltr'>noxia‚2</span> <span class='ocrx_word' id='word_1_65' title='bbox 1339 1036 1496 1099; x_wconf 88' lang='lat' dir='ltr'>fitque</span> <span class='ocrx_word' id='word_1_66' title='bbox 1533 1043 1586 1082; x_wconf 89' lang='lat' dir='ltr'>et</span> <span class='ocrx_word' id='word_1_67' title='bbox 1622 1052 1685 1082; x_wconf 86' lang='lat' dir='ltr'>ex</span> <span class='ocrx_word' id='word_1_68' title='bbox 1720 1038 1827 1099; x_wconf 92' lang='lat' dir='ltr'>ipso</span> 
     </span>
     <span class='ocr_line' id='line_1_13' title="bbox 345 1122 1827 1172; baseline -0.003 0"><span class='ocrx_word' id='word_1_69' title='bbox 345 1126 504 1172; x_wconf 87' lang='lat' dir='ltr'>telum</span> <span class='ocrx_word' id='word_1_70' title='bbox 542 1125 676 1172; x_wconf 87' lang='lat' dir='ltr'>aliud</span> <span class='ocrx_word' id='word_1_71' title='bbox 714 1124 873 1171; x_wconf 87' lang='lat' dir='ltr'>fracto</span> <span class='ocrx_word' id='word_1_72' title='bbox 911 1127 961 1169; x_wconf 89' lang='lat' dir='ltr'>in</span> <span class='ocrx_word' id='word_1_73' title='bbox 999 1124 1299 1170; x_wconf 89' lang='lat' dir='ltr'>vulneribus.</span> <span class='ocrx_word' id='word_1_74' title='bbox 1375 1122 1449 1169; x_wconf 93' lang='lat' dir='ltr'>his</span> <span class='ocrx_word' id='word_1_75' title='bbox 1488 1125 1634 1169; x_wconf 88' lang='lat' dir='ltr'>armis</span> <span class='ocrx_word' id='word_1_76' title='bbox 1672 1122 1827 1169; x_wconf 91' lang='lat' dir='ltr'>solem</span> 
     </span>
     <span class='ocr_line' id='line_1_14' title="bbox 344 1208 1827 1276; baseline -0.003 -17"><span class='ocrx_word' id='word_1_77' title='bbox 344 1215 507 1276; x_wconf 90' lang='lat' dir='ltr'>ipsum</span> <span class='ocrx_word' id='word_1_78' title='bbox 531 1212 861 1267; x_wconf 81' lang='lat' dir='ltr'>obumbrant3</span> <span class='ocrx_word' id='word_1_79' title='bbox 902 1218 1109 1275; x_wconf 85' lang='lat' dir='ltr'>propter</span> <span class='ocrx_word' id='word_1_80' title='bbox 1132 1210 1225 1256; x_wconf 94' lang='lat' dir='ltr'>hoc</span> <span class='ocrx_word' id='word_1_81' title='bbox 1250 1212 1468 1256; x_wconf 85' lang='lat' dir='ltr'>maxime</span> <span class='ocrx_word' id='word_1_82' title='bbox 1493 1226 1695 1256; x_wconf 85' lang='lat' dir='ltr'>serenos</span> <span class='ocrx_word' id='word_1_83' title='bbox 1720 1208 1827 1255; x_wconf 88' lang='lat' dir='ltr'>dies</span> 
     </span>
     <span class='ocr_line' id='line_1_15' title="bbox 345 1296 1827 1363; baseline -0.003 -18"><span class='ocrx_word' id='word_1_84' title='bbox 345 1306 542 1363; x_wconf 86' lang='lat' dir='ltr'>optant,</span> <span class='ocrx_word' id='word_1_85' title='bbox 568 1299 719 1345; x_wconf 89' lang='lat' dir='ltr'>odere</span> <span class='ocrx_word' id='word_1_86' title='bbox 746 1305 921 1344; x_wconf 88' lang='lat' dir='ltr'>ventos</span> <span class='ocrx_word' id='word_1_87' title='bbox 948 1305 1000 1344; x_wconf 87' lang='lat' dir='ltr'>et</span> <span class='ocrx_word' id='word_1_88' title='bbox 1025 1298 1226 1353; x_wconf 86' lang='lat' dir='ltr'>imbres,</span> <span class='ocrx_word' id='word_1_89' title='bbox 1253 1299 1336 1360; x_wconf 89' lang='lat' dir='ltr'>qui</span> <span class='ocrx_word' id='word_1_90' title='bbox 1362 1299 1494 1343; x_wconf 86' lang='lat' dir='ltr'>inter</span> <span class='ocrx_word' id='word_1_91' title='bbox 1518 1296 1625 1343; x_wconf 91' lang='lat' dir='ltr'>illos</span> <span class='ocrx_word' id='word_1_92' title='bbox 1647 1312 1827 1360; x_wconf 89' lang='lat' dir='ltr'>pacem</span> 
     </span>
     <span class='ocr_line' id='line_1_16' title="bbox 343 1382 1828 1449; baseline -0.003 -16"><span class='ocrx_word' id='word_1_93' title='bbox 343 1403 450 1433; x_wconf 87' lang='lat' dir='ltr'>esse</span> <span class='ocrx_word' id='word_1_94' title='bbox 465 1393 668 1449; x_wconf 86' lang='lat' dir='ltr'>cogunt.</span> <span class='ocrx_word' id='word_1_95' title='bbox 718 1402 775 1431; x_wconf 89' lang='lat' dir='ltr'>ac</span> <span class='ocrx_word' id='word_1_96' title='bbox 791 1389 829 1431; x_wconf 89' lang='lat' dir='ltr'>si</span> <span class='ocrx_word' id='word_1_97' title='bbox 847 1388 954 1447; x_wconf 90' lang='lat' dir='ltr'>quis</span> <span class='ocrx_word' id='word_1_98' title='bbox 971 1383 1266 1448; x_wconf 87' lang='lat' dir='ltr'>Aethiopas,</span> <span class='ocrx_word' id='word_1_99' title='bbox 1283 1382 1603 1446; x_wconf 58' lang='lat' dir='ltr'>Aegyptios?</span> <span class='ocrx_word' id='word_1_100' title='bbox 1618 1383 1828 1439; x_wconf 89' lang='lat' dir='ltr'>Arabas,</span> 
     </span>
     <span class='ocr_line' id='line_1_17' title="bbox 348 1470 1829 1535; baseline -0.003 -16"><span class='ocrx_word' id='word_1_101' title='bbox 348 1472 515 1528; x_wconf 90' lang='lat' dir='ltr'>Indos,</span> <span class='ocrx_word' id='word_1_102' title='bbox 550 1471 778 1535; x_wconf 88' lang='lat' dir='ltr'>Scythas,</span> <span class='ocrx_word' id='word_1_103' title='bbox 813 1472 1035 1527; x_wconf 89' lang='lat' dir='ltr'>Bactros,</span> <span class='ocrx_word' id='word_1_104' title='bbox 1071 1470 1411 1516; x_wconf 86' lang='lat' dir='ltr'>Sarmatarum</span> <span class='ocrx_word' id='word_1_105' title='bbox 1446 1476 1526 1516; x_wconf 82' lang='lat' dir='ltr'>tot</span> <span class='ocrx_word' id='word_1_106' title='bbox 1559 1476 1740 1533; x_wconf 86' lang='lat' dir='ltr'>gentes</span> <span class='ocrx_word' id='word_1_107' title='bbox 1776 1477 1829 1516; x_wconf 88' lang='lat' dir='ltr'>et</span> 
     </span>
     <span class='ocr_line' id='line_1_18' title="bbox 347 1555 1829 1621; baseline -0.002 -15"><span class='ocrx_word' id='word_1_108' title='bbox 347 1562 550 1606; x_wconf 85' lang='lat' dir='ltr'>orientis</span> <span class='ocrx_word' id='word_1_109' title='bbox 617 1562 883 1621; x_wconf 86' lang='lat' dir='ltr'>omniaque</span> <span class='ocrx_word' id='word_1_110' title='bbox 953 1556 1251 1604; x_wconf 90' lang='lat' dir='ltr'>Parthorum</span> <span class='ocrx_word' id='word_1_111' title='bbox 1318 1573 1475 1619; x_wconf 88' lang='lat' dir='ltr'>regna</span> <span class='ocrx_word' id='word_1_112' title='bbox 1540 1555 1829 1619; x_wconf 87' lang='lat' dir='ltr'>diligentius</span> 
     </span>
    </p>
   </div>
   <div class='ocr_carea' id='block_1_5' title="bbox 347 1642 1830 1709">
    <p class='ocr_par' dir='ltr' id='par_1_5' title="bbox 347 1642 1830 1709">
     <span class='ocr_line' id='line_1_19' title="bbox 347 1642 1830 1709; baseline -0.003 -17"><span class='ocrx_word' id='word_1_113' title='bbox 347 1653 608 1709; x_wconf 89' lang='lat' dir='ltr'>conputet,</span> <span class='ocrx_word' id='word_1_114' title='bbox 636 1662 798 1708; x_wconf 84' lang='lat' dir='ltr'>aequa</span> <span class='ocrx_word' id='word_1_115' title='bbox 823 1643 982 1691; x_wconf 87' lang='lat' dir='ltr'>ferme</span> <span class='ocrx_word' id='word_1_116' title='bbox 1007 1661 1121 1708; x_wconf 88' lang='lat' dir='ltr'>pars</span> <span class='ocrx_word' id='word_1_117' title='bbox 1147 1643 1405 1690; x_wconf 91' lang='lat' dir='ltr'>hominum</span> <span class='ocrx_word' id='word_1_118' title='bbox 1430 1646 1481 1688; x_wconf 91' lang='lat' dir='ltr'>in</span> <span class='ocrx_word' id='word_1_119' title='bbox 1506 1650 1617 1689; x_wconf 86' lang='lat' dir='ltr'>toto</span> <span class='ocrx_word' id='word_1_120' title='bbox 1642 1642 1830 1689; x_wconf 89' lang='lat' dir='ltr'>mundo</span> 
     </span>
    </p>
   </div>
   <div class='ocr_carea' id='block_1_6' title="bbox 242 1729 1827 1795">
    <p class='ocr_par' dir='ltr' id='par_1_6' title="bbox 242 1729 1827 1795">
     <span class='ocr_line' id='line_1_20' title="bbox 242 1729 1827 1795; baseline -0.001 -18"><span class='ocrx_word' id='word_1_121' title='bbox 242 1739 314 1778; x_wconf 88' lang='lat'>161</span> <span class='ocrx_word' id='word_1_122' title='bbox 342 1733 542 1779; x_wconf 86' lang='lat' dir='ltr'>calamis</span> <span class='ocrx_word' id='word_1_123' title='bbox 599 1739 835 1795; x_wconf 88' lang='lat' dir='ltr'>superata</span> <span class='ocrx_word' id='word_1_124' title='bbox 891 1731 1048 1794; x_wconf 85' lang='lat' dir='ltr'>degit.</span> <span class='ocrx_word' id='word_1_125' title='bbox 1115 1733 1413 1794; x_wconf 87' lang='lat' dir='ltr'>praecipuus</span> <span class='ocrx_word' id='word_1_126' title='bbox 1470 1729 1549 1776; x_wconf 91' lang='lat' dir='ltr'>hic</span> <span class='ocrx_word' id='word_1_127' title='bbox 1606 1746 1721 1776; x_wconf 90' lang='lat' dir='ltr'>usus</span> <span class='ocrx_word' id='word_1_128' title='bbox 1777 1733 1827 1775; x_wconf 90' lang='lat' dir='ltr'>in</span> 
     </span>
    </p>
   </div>
   <div class='ocr_carea' id='block_1_7' title="bbox 348 1815 1828 2246">
    <p class='ocr_par' dir='ltr' id='par_1_7' title="bbox 349 1815 1823 1879">
     <span class='ocr_line' id='line_1_21' title="bbox 349 1815 1823 1879; baseline -0.001 -14"><span class='ocrx_word' id='word_1_129' title='bbox 349 1820 500 1865; x_wconf 84' lang='lat' dir='ltr'>Creta</span> <span class='ocrx_word' id='word_1_130' title='bbox 522 1818 789 1865; x_wconf 84' lang='lat' dir='ltr'>bellatores</span> <span class='ocrx_word' id='word_1_131' title='bbox 814 1835 926 1864; x_wconf 90' lang='lat' dir='ltr'>suos</span> <span class='ocrx_word' id='word_1_132' title='bbox 950 1817 1261 1872; x_wconf 82' lang='lat' dir='ltr'>nobilitavit3</span> <span class='ocrx_word' id='word_1_133' title='bbox 1302 1817 1392 1863; x_wconf 89' lang='lat' dir='ltr'>sed</span> <span class='ocrx_word' id='word_1_134' title='bbox 1415 1819 1465 1862; x_wconf 92' lang='lat' dir='ltr'>in</span> <span class='ocrx_word' id='word_1_135' title='bbox 1488 1815 1581 1862; x_wconf 92' lang='lat' dir='ltr'>hoc</span> <span class='ocrx_word' id='word_1_136' title='bbox 1607 1833 1823 1879; x_wconf 89' lang='lat' dir='ltr'>quoque,</span> 
     </span>
    </p>

    <p class='ocr_par' dir='ltr' id='par_1_8' title="bbox 349 1903 1828 1966">
     <span class='ocr_line' id='line_1_22' title="bbox 349 1903 1828 1966; baseline -0.003 -14"><span class='ocrx_word' id='word_1_137' title='bbox 349 1914 405 1952; x_wconf 89' lang='lat' dir='ltr'>ut</span> <span class='ocrx_word' id='word_1_138' title='bbox 427 1908 607 1952; x_wconf 82' lang='lat' dir='ltr'>ceteris</span> <span class='ocrx_word' id='word_1_139' title='bbox 631 1909 680 1950; x_wconf 90' lang='lat' dir='ltr'>in</span> <span class='ocrx_word' id='word_1_140' title='bbox 703 1906 868 1961; x_wconf 81' lang='lat' dir='ltr'>rebus,</span> <span class='ocrx_word' id='word_1_141' title='bbox 892 1907 1009 1950; x_wconf 89' lang='lat' dir='ltr'>vicit</span> <span class='ocrx_word' id='word_1_142' title='bbox 1034 1904 1197 1960; x_wconf 83' lang='lat' dir='ltr'>Italia,</span> <span class='ocrx_word' id='word_1_143' title='bbox 1222 1903 1422 1966; x_wconf 86' lang='lat' dir='ltr'>quando</span> <span class='ocrx_word' id='word_1_144' title='bbox 1445 1903 1606 1949; x_wconf 90' lang='lat' dir='ltr'>nullus</span> <span class='ocrx_word' id='word_1_145' title='bbox 1630 1906 1828 1966; x_wconf 83' lang='lat' dir='ltr'>sagittis</span> 
     </span>
    </p>

    <p class='ocr_par' dir='ltr' id='par_1_9' title="bbox 349 1990 1826 2056">
     <span class='ocr_line' id='line_1_23' title="bbox 349 1990 1826 2056; baseline -0.002 -18"><span class='ocrx_word' id='word_1_146' title='bbox 349 1996 512 2056; x_wconf 82' lang='lat' dir='ltr'>aptior</span> <span class='ocrx_word' id='word_1_147' title='bbox 536 1992 755 2038; x_wconf 86' lang='lat' dir='ltr'>calamus</span> <span class='ocrx_word' id='word_1_148' title='bbox 782 2009 932 2054; x_wconf 92' lang='lat' dir='ltr'>quam</span> <span class='ocrx_word' id='word_1_149' title='bbox 957 1994 1008 2037; x_wconf 92' lang='lat' dir='ltr'>in</span> <span class='ocrx_word' id='word_1_150' title='bbox 1033 1990 1208 2037; x_wconf 88' lang='lat' dir='ltr'>Rheno</span> <span class='ocrx_word' id='word_1_151' title='bbox 1233 1991 1535 2036; x_wconf 88' lang='lat' dir='ltr'>Bononiensi</span> <span class='ocrx_word' id='word_1_152' title='bbox 1560 2006 1725 2046; x_wconf 87' lang='lat' dir='ltr'>amne,</span> <span class='ocrx_word' id='word_1_153' title='bbox 1749 1993 1826 2036; x_wconf 91' lang='lat' dir='ltr'>cui</span> 
     </span>
    </p>

    <p class='ocr_par' dir='ltr' id='par_1_10' title="bbox 348 2077 1828 2246">
     <span class='ocr_line' id='line_1_24' title="bbox 348 2077 1828 2143; baseline -0.002 -18"><span class='ocrx_word' id='word_1_154' title='bbox 348 2080 561 2143; x_wconf 88' lang='lat' dir='ltr'>plurima</span> <span class='ocrx_word' id='word_1_155' title='bbox 594 2082 724 2125; x_wconf 89' lang='lat' dir='ltr'>inest</span> <span class='ocrx_word' id='word_1_156' title='bbox 757 2078 976 2125; x_wconf 86' lang='lat' dir='ltr'>medulla</span> <span class='ocrx_word' id='word_1_157' title='bbox 1007 2078 1302 2141; x_wconf 85' lang='lat' dir='ltr'>pondusque</span> <span class='ocrx_word' id='word_1_158' title='bbox 1338 2077 1533 2123; x_wconf 84' lang='lat' dir='ltr'>volucre</span> <span class='ocrx_word' id='word_1_159' title='bbox 1569 2083 1622 2123; x_wconf 84' lang='lat' dir='ltr'>et</span> <span class='ocrx_word' id='word_1_160' title='bbox 1654 2084 1828 2123; x_wconf 84' lang='lat' dir='ltr'>contra</span> 
     </span>
     <span class='ocr_line' id='line_1_25' title="bbox 524 2206 1087 2246; baseline -0.002 -1"><span class='ocrx_word' id='word_1_161' title='bbox 524 2208 538 2232; x_wconf 82' lang='lat'>¹</span> <span class='ocrx_word' id='word_1_162' title='bbox 568 2206 826 2246; x_wconf 70' lang='lat' dir='ltr'>Pincianus:</span> <span class='ocrx_word' id='word_1_163' title='bbox 859 2206 1087 2245; x_wconf 85' lang='lat' dir='ltr'>limosiora.</span> 
     </span>
    </p>
   </div>
   <div class='ocr_carea' id='block_1_8' title="bbox 520 2259 1662 2364">
    <p class='ocr_par' dir='ltr' id='par_1_11' title="bbox 520 2259 1662 2364">
     <span class='ocr_line' id='line_1_26' title="bbox 521 2259 1662 2311; baseline -0.003 -12"><span class='ocrx_word' id='word_1_164' title='bbox 521 2261 535 2284; x_wconf 87' lang='lat'><strong>²</strong></span> <span class='ocrx_word' id='word_1_165' title='bbox 564 2261 726 2311; x_wconf 83' lang='lat' dir='ltr'>spicula</span> <span class='ocrx_word' id='word_1_166' title='bbox 757 2290 766 2299; x_wconf 91' lang='lat'><strong>.</strong></span> <span class='ocrx_word' id='word_1_167' title='bbox 799 2290 808 2299; x_wconf 88' lang='lat'><strong><em>.</em></strong></span> <span class='ocrx_word' id='word_1_168' title='bbox 842 2290 851 2299; x_wconf 90' lang='lat'><strong>.</strong></span> <span class='ocrx_word' id='word_1_169' title='bbox 883 2261 1012 2298; x_wconf 81' lang='lat' dir='ltr'>noxia</span> <span class='ocrx_word' id='word_1_170' title='bbox 1031 2260 1096 2298; x_wconf 75' lang='lat' dir='ltr'>hic</span> <span class='ocrx_word' id='word_1_171' title='bbox 1122 2259 1312 2298; x_wconf 72' lang='lat' dir='ltr'>Urlichs:</span> <span class='ocrx_word' id='word_1_172' title='bbox 1349 2263 1442 2297; x_wconf 74' lang='lat' dir='ltr'>ante</span> <span class='ocrx_word' id='word_1_173' title='bbox 1464 2262 1662 2297; x_wconf 75' lang='lat' dir='ltr'>mortem.</span> 
     </span>
     <span class='ocr_line' id='line_1_27' title="bbox 520 2314 1104 2364; baseline -0.003 -11"><span class='ocrx_word' id='word_1_174' title='bbox 520 2314 535 2337; x_wconf 79' lang='lat'><strong>³</strong></span> <span class='ocrx_word' id='word_1_175' title='bbox 566 2314 803 2353; x_wconf 78' lang='lat' dir='ltr'>Rackham:</span> <span class='ocrx_word' id='word_1_176' title='bbox 843 2314 1104 2364; x_wconf 74' lang='lat' dir='ltr'>Aegyptum.</span> 
     </span>
    </p>
   </div>
   <div class='ocr_carea' id='block_1_9' title="bbox 881 2533 1282 2579">
    <p class='ocr_par' dir='ltr' id='par_1_12' title="bbox 881 2533 1282 2579">
     <span class='ocr_line' id='line_1_28' title="bbox 881 2533 1282 2579; baseline 0.005 -9"><span class='ocrx_word' id='word_1_177' title='bbox 881 2538 897 2555; x_wconf 83' lang='lat'>‘¹</span> <span class='ocrx_word' id='word_1_178' title='bbox 926 2533 1017 2579; x_wconf 81' lang='lat' dir='ltr'>I.e.,</span> <span class='ocrx_word' id='word_1_179' title='bbox 1040 2533 1112 2572; x_wconf 72' lang='lat' dir='ltr'>the</span> <span class='ocrx_word' id='word_1_180' title='bbox 1133 2545 1282 2572; x_wconf 84' lang='lat' dir='ltr'>arrow.</span> 
     </span>
    </p>
   </div>
   <div class='ocr_carea' id='block_1_10' title="bbox 350 2617 440 2660">
    <p class='ocr_par' dir='ltr' id='par_1_13' title="bbox 350 2617 440 2660">
     <span class='ocr_line' id='line_1_29' title="bbox 350 2617 440 2660; baseline 0.022 -2"><span class='ocrx_word' id='word_1_181' title='bbox 350 2617 440 2660; x_wconf 81' lang='lat'>490</span> 
     </span>
    </p>
   </div>
  </div>
 </body>
</html>
