1909 2998
225 495 277 535 32

225 1057 277 1096 33

563 203 807 249 PLINY:
871 204 1200 251 NATURAL
1245 204 1542 251 HISTORY

309 333 414 378 eius
434 335 665 395 expansis
685 339 838 394 atque
857 335 930 378 ita
949 335 1213 395 expressis,
1231 332 1501 395 probatum
1520 335 1738 379 maxime
1759 350 1784 379 e

308 410 532 465 Bruttia;
605 419 683 458 est
738 415 871 458 enim
924 415 1251 475 pinguissima
1306 418 1359 457 et
1413 415 1784 458 resinosissima.

309 490 441 536 color
459 491 568 537 oleo
586 491 762 538 fulvus.
830 499 1010 555 sponte
1029 495 1249 537 nascitur
1266 494 1317 537 in
1336 491 1508 554 Syriae
1526 495 1786 537 maritimis

309 571 442 633 quod
467 571 727 618 elaeomeli
752 579 946 618 vocant.
1015 579 1188 617 manat
1213 588 1275 618 ex
1301 572 1557 618 arboribus
1579 575 1786 636 pingue,

308 654 514 698 crassius
551 652 717 707 melle,
741 655 905 698 resina
928 655 1147 708 tenuius,
1172 668 1347 715 sapore
1374 651 1522 707 dulci,
1559 652 1710 699 utile1
1735 660 1788 699 et

309 730 400 776 hoc
419 731 639 778 medicis.
696 736 855 778 veteri
876 749 1074 795 quoque
1095 732 1204 779 oleo
1223 749 1338 778 usus
1360 739 1437 778 est
1456 732 1520 778 ad
1539 733 1788 795 quaedam

307 828 496 873 genera
510 813 811 868 morborum,
830 815 1248 875 existimaturque
1268 819 1321 859 et
1341 813 1477 858 ebori
1493 813 1788 859 vindicando

309 908 337 936 a
363 894 494 938 carie
524 892 647 939 utile
677 909 817 940 esse:
858 900 997 939 certe
1026 893 1343 939 simulacrum
1371 892 1571 939 Saturni
1599 893 1787 940 Romae

308 974 441 1018 intus
465 971 575 1019 oleo
597 973 849 1036 repletum
873 980 966 1019 est.

378 1051 520 1098 VIII.
557 1052 716 1116 Super
784 1056 950 1099 omnia
1017 1070 1134 1100 vero
1200 1053 1470 1100 celebravit
1539 1070 1788 1100 amurcam

307 1131 534 1179 laudibus
565 1133 722 1180 Cato:
764 1133 898 1179 dolia
932 1133 1118 1179 olearia
1145 1134 1395 1196 cadosque
1423 1133 1508 1179 illa
1539 1135 1694 1180 imbui
1724 1151 1788 1181 ne

308 1212 483 1258 bibant
509 1212 673 1259 oleum
691 1228 702 1267 ;
739 1230 940 1259 amurca
960 1214 1121 1277 subigi
1143 1230 1283 1260 areas
1301 1214 1526 1260 terendis
1546 1214 1788 1260 messibus

310 1299 366 1338 ut
391 1291 628 1339 formicae
647 1296 905 1356 rimaeque
925 1294 1088 1340 absint
1107 1309 1117 1348 3
1154 1297 1272 1356 quin
1291 1300 1344 1340 et
1360 1293 1521 1340 lutum
1537 1297 1788 1358 parietum

309 1388 365 1418 ac
427 1376 642 1419 tectoria
707 1381 760 1420 et
821 1377 1112 1437 pavimenta
1176 1373 1466 1420 horreorum
1532 1373 1789 1431 frumenti,

308 1455 540 1498 vestiaria
567 1456 722 1500 etiam
749 1461 923 1500 contra
949 1454 1205 1501 teredines
1234 1471 1291 1500 ac
1318 1457 1469 1500 noxia
1497 1454 1785 1501 animalium

308 1549 508 1579 amurca
541 1533 790 1597 adspergi,
824 1537 1015 1580 semina
1048 1533 1247 1598 frugum
1280 1533 1530 1597 perfundi.
1599 1536 1784 1581 morbis

309 1613 689 1677 quadripedum,
754 1615 985 1661 arborum
1050 1632 1249 1677 quoque
1314 1615 1397 1660 illa
1459 1615 1786 1672 medendum,

308 1692 506 1739 efficace
556 1693 620 1740 ad
668 1694 835 1740 ulcera
883 1697 1122 1740 interiora
1171 1694 1374 1740 humani
1424 1712 1622 1757 quoque
1673 1698 1784 1742 oris.

226 1779 279 1818 34
301 1772 404 1818 lora
439 1776 593 1820 etiam
619 1781 671 1820 et
695 1777 829 1820 coria
853 1778 1019 1820 omnia
1045 1782 1096 1821 et
1122 1775 1429 1821 calceamina
1455 1792 1674 1838 axesque
1702 1776 1788 1822 de-

308 1860 452 1899 cocta
501 1857 672 1917 ungui,
723 1862 875 1917 atque
927 1862 1221 1900 aeramenta
1270 1862 1444 1901 contra
1495 1858 1787 1918 aeruginem

309 1933 581 1996 colorisque
606 1937 771 1997 gratia
795 1934 1132 1997 elegantioris,
1158 1942 1211 1981 et
1234 1941 1399 1981 totam
1423 1935 1786 1998 supellectilem

311 2012 527 2075 ligneam
560 2031 617 2060 ac
650 2031 766 2060 vasa
800 2014 972 2060 fictilia
1003 2018 1054 2060 in
1087 2018 1195 2078 quis
1231 2015 1378 2061 ficum
1411 2015 1603 2061 aridam
1634 2015 1789 2062 libeat

311 2092 590 2149 adservare,
609 2101 696 2140 aut
714 2097 754 2140 si
772 2093 890 2140 folia
907 2095 1157 2157 bacasque
1177 2098 1226 2140 in
1246 2098 1396 2158 virgis
1415 2098 1568 2158 myrti
1588 2095 1783 2142 aliudve

312 2173 444 2234 quod
461 2191 620 2236 genus
639 2174 814 2220 simile.
880 2182 1136 2237 postremo
1156 2175 1291 2238 ligna
1311 2182 1569 2222 macerata
1588 2192 1789 2222 amurca

311 2252 443 2298 nullo
466 2253 587 2299 fumi
614 2254 782 2300 taedio
806 2254 997 2300 ardere.

757 2355 772 2378 1
804 2354 909 2393 utile
928 2355 1025 2393 add.
1055 2354 1357 2406 Warmz'nqlon.

562 2511 579 2528 ⁰
609 2503 734 2542 From
760 2504 903 2553 ἔλαιον,
924 2505 1113 2545 olive-oil
1132 2506 1217 2545 and
1236 2506 1341 2557 μέλι,
1365 2506 1518 2558 honey.

313 2595 401 2638 310
