1909 2998
584 203 828 248 PLINY:
892 202 1222 249 NATURAL
1265 202 1562 249 HISTORY

327 347 425 375 non
449 330 750 392 grandinum
776 336 864 375 aut
890 332 1012 375 nivis
1039 331 1270 374 iniuriam
1296 331 1613 391 expavescit3
1657 329 1810 375 adicit

329 407 576 469 Hyginus,
638 423 701 452 nc
762 409 976 452 cossium
1000 405 1018 434 1
1080 405 1303 467 quidem,
1356 413 1564 468 propter
1624 405 1807 451 nullam

327 487 541 546 gratiam
564 483 701 545 ligni.

230 566 305 605 135
393 558 630 604 XLVIII.
668 558 953 605 Nascuntur
973 561 1128 605 etiam
1148 561 1198 604 in
1218 562 1342 604 mari
1363 557 1569 605 frutices
1589 559 1811 605 arbores-

328 652 443 698 que,
460 639 674 681 minores
691 638 741 680 in
760 643 947 690 nostro,
967 635 1193 681 Rubrum
1213 638 1346 680 enim
1367 642 1419 680 et
1443 641 1581 680 totus
1607 639 1810 681 orientis

327 729 542 758 oceanus
566 711 783 758 refertus
810 719 887 758 est
911 712 1058 758 silvis.
1128 728 1228 757 non
1251 710 1407 757 habet
1429 711 1602 774 lingua
1626 710 1774 758 Latia
1792 711 1812 742 2

327 805 511 835 nomen
553 789 686 852 quod
728 789 910 835 Gracci
951 795 1132 834 vocant
1171 787 1380 852 phycos,
1422 791 1657 851 quoniam
1699 789 1812 852 alga

327 865 595 912 herbarum
631 869 781 911 maris
819 865 1117 912 vocabulum
1153 864 1485 927 intellegitur,
1522 864 1602 911 hic
1640 873 1812 912 autem

329 950 406 989 est
454 942 638 989 frutex.
707 942 826 988 folio
874 942 995 998 lato,
1043 941 1208 988 colore
1257 942 1417 998 viridi,
1466 944 1630 1005 gignit
1679 942 1812 1005 quod

229 1026 307 1064 136
331 1019 534 1082 quidam
565 1036 748 1083 prason
781 1027 979 1075 vocant,
1013 1019 1095 1064 alii
1127 1025 1337 1065 zostera.
1407 1018 1621 1065 alterum
1653 1036 1812 1082 genus

329 1096 554 1142 eiusdem
602 1096 858 1159 capillacio
907 1095 1042 1151 folio,
1092 1095 1251 1142 simile
1299 1095 1534 1152 feniculo,
1582 1098 1634 1141 in
1682 1099 1812 1142 saxis

328 1176 565 1228 nascitur,
592 1176 817 1236 superius
844 1176 894 1218 in
921 1173 1058 1219 vadis
1084 1171 1210 1219 haut
1234 1172 1406 1236 procul
1429 1172 1595 1229 litore,
1620 1180 1812 1219 utrum-

330 1266 427 1312 que
448 1266 617 1304 verno,
637 1258 690 1295 et
708 1253 884 1296 interit
903 1257 1161 1295 autumno.
1225 1253 1356 1295 circa
1376 1248 1581 1295 Cretam
1600 1249 1813 1296 insulam

329 1334 449 1371 nato
499 1329 550 1371 in
598 1329 755 1389 petris
805 1343 1049 1389 purpuras
1100 1343 1299 1388 quoque
1349 1325 1593 1382 inficiunt,
1642 1326 1814 1372 lauda-

329 1405 520 1448 tissimo
557 1420 585 1447 a
619 1410 764 1465 parte
802 1402 1044 1464 aquilonis
1081 1410 1138 1448 ut
1173 1405 1421 1465 spongeis.
1489 1405 1700 1448 tertium
1736 1410 1813 1449 est

329 1482 541 1541 gramini
580 1479 756 1533 simile,
795 1479 962 1524 radice
1001 1478 1288 1541 geniculata
1327 1486 1380 1524 et
1418 1478 1559 1524 caule
1599 1479 1814 1541 qualiter

328 1555 520 1601 calami.

232 1637 307 1676 137
397 1631 582 1677 XLIX.
622 1631 773 1677 Aliud
803 1649 961 1694 genus
998 1632 1234 1678 fruticum
1262 1633 1421 1695 bryon
1448 1639 1670 1687 vocatur,
1695 1631 1812 1678 folio

331 1708 574 1764 lactucae,
594 1713 848 1771 rugosiore
865 1716 1085 1764 tantum,
1102 1712 1201 1754 iam
1221 1708 1313 1754 hoc
1332 1707 1566 1754 inferius3
1586 1725 1812 1763 nascens,

331 1788 381 1830 in
401 1785 503 1830 alto
520 1802 636 1831 vero
653 1786 790 1831 abies
809 1793 860 1831 et
878 1802 1088 1848 quercus
1108 1785 1314 1831 cubitali
1334 1785 1600 1831 altitudine
1619 1800 1629 1839 3
1664 1789 1812 1831 ramis

331 1878 503 1908 earum
541 1861 819 1908 adhaerent
855 1861 1090 1908 conchae.
1161 1878 1348 1924 quercu
1385 1869 1438 1908 et
1475 1865 1638 1924 tingui
1674 1861 1812 1908 lanas

329 1938 554 1993 tradunt,
585 1939 823 2001 glandem
854 1942 1009 1984 etiam
1042 1939 1284 2001 quasdam
1314 1938 1445 1984 ferre
1477 1942 1527 1983 in
1559 1938 1661 1985 alto
1692 1955 1811 1984 nau-

232 2020 306 2059 138
332 2013 483 2077 fragis
533 2014 656 2060 haec
709 2014 1024 2078 deprehensa
1078 2016 1508 2077 urinantibusque.
1578 2023 1631 2061 et
1685 2015 1811 2060 aliae

330 2091 598 2136 traduntur
639 2092 979 2155 praegrandes
1022 2094 1152 2137 circa
1195 2090 1476 2154 Sicyonem,
1521 2094 1634 2137 vitis
1680 2094 1812 2137 enim

632 2199 644 2222 1
677 2198 873 2248 Mayhosf
889 2199 957 2250 (cf.
980 2209 1077 2237 xvn
1097 2199 1194 2247 220)
1214 2213 1223 2237 :
1255 2211 1308 2236 ne
1328 2197 1532 2237 hostium.

629 2252 643 2274 2
674 2251 870 2302 Mayhoff
884 2267 892 2291 :
925 2251 1020 2290 alia.

627 2304 642 2327 ³
678 2305 870 2344 Urlichs:
900 2306 1092 2344 interius.

531 2475 548 2492 ‘³
577 2468 852 2517 Mangroves.
963 2520 990 2560 S
1063 2519 1077 2559 l
1216 2467 1230 2492 ⁶
1261 2468 1472 2508 Seaweed.

921 2526 935 2546 ⁰
993 2534 1058 2559 ca—
1079 2533 1193 2560 aver.

342 2598 424 2654 178
