1909 2998
197 767 246 805 10

527 202 772 248 PLINY:
836 203 1166 249 NATURAL
1211 203 1507 250 HISTORY

279 326 342 372 ad
374 332 556 373 arcturi
586 336 816 374 exortum
838 328 855 357 1
885 332 936 374 in
974 345 1019 374 a.
1056 329 1104 375 d.
1145 344 1226 374 Χνι
1267 328 1367 374 kal.
1405 329 1540 385 Oct.,
1577 336 1753 392 postea

278 414 440 460 nuclei
493 418 773 460 increscunt
829 422 881 460 et
933 432 1063 461 caro.
1131 423 1241 461 tum
1294 417 1333 461 si
1371 419 1525 461 etiam
1572 419 1755 478 copiosi

276 501 459 546 imbres
482 500 500 528 2
559 518 828 556 accessere,
889 504 1093 547 vitiatur
1152 501 1316 548 oleum
1376 505 1424 548 in
1485 519 1754 550 amurcam.

278 586 421 633 huius
465 587 597 633 color
640 587 819 633 olivam
863 591 997 650 cogit
1042 591 1339 650 nigrescere,
1382 588 1597 651 ideoque
1639 592 1757 636 inci-

277 677 449 735 piente
487 678 688 736 nigritia
725 677 985 720 minimum
1023 691 1273 729 amurcae,
1311 682 1430 721 ante
1469 691 1581 721 eam
1618 675 1754 722 nihil.

277 768 327 806 et
365 777 498 805 error
533 759 790 806 hominum
826 760 978 806 falsus
1017 764 1413 807 existimantium
1449 765 1755 810 maturitatis

276 851 474 893 initium
501 847 634 909 quod
661 855 738 893 est
764 850 871 893 vitii
895 850 1196 909 proximum,
1221 847 1405 894 deinde
1431 848 1565 910 quod
1590 848 1755 896 oleum

277 951 498 980 crescere
522 934 680 979 olivae
702 950 852 979 carne
875 934 1199 989 arbitrantur,
1221 951 1334 980 cum
1357 951 1501 981 sucus
1525 938 1682 982 omnis
1704 939 1756 982 in

277 1037 452 1082 corpus
476 1021 627 1066 abeat
649 1020 941 1083 lignumque
964 1023 1097 1066 intus
1119 1020 1437 1083 grandescat.
1506 1038 1625 1084 ergo
1645 1029 1754 1068 tum

277 1111 496 1153 maxime
526 1110 780 1170 rigantur3
829 1107 963 1169 quod
993 1107 1078 1153 ubi
1108 1124 1226 1153 cura
1254 1107 1486 1154 multisve
1516 1108 1755 1155 imbribus

277 1194 474 1249 accidit,
515 1194 680 1240 oleum
721 1195 999 1240 absumitur
1039 1197 1132 1240 nisi
1173 1201 1442 1240 consecuta
1482 1199 1756 1242 serenitate

277 1298 407 1343 quae
461 1298 636 1343 corpus
694 1289 953 1328 extenuet.
1022 1285 1223 1328 omnino
1279 1285 1430 1337 enim,
1485 1290 1542 1328 ut
1596 1281 1756 1329 Theo-

276 1367 480 1429 phrasto
502 1368 687 1430 placet,
712 1375 764 1414 et
787 1368 882 1414 olei
905 1385 1055 1414 causa
1077 1368 1210 1414 calor
1233 1375 1327 1424 est,
1345 1385 1498 1431 quare
1521 1372 1572 1415 in
1593 1376 1756 1416 torcu-

195 1461 240 1499 11
271 1455 454 1500 laribus
489 1458 644 1500 etiam
678 1471 734 1501 ac
767 1454 901 1501 cellis
934 1455 1093 1501 multo
1126 1458 1229 1518 igni
1262 1459 1534 1517 quaeritur.
1601 1460 1756 1503 tertia

279 1549 354 1588 est
378 1541 523 1602 culpa
545 1545 596 1587 in
618 1545 938 1603 parsimonia,
962 1545 1198 1604 quoniam
1229 1549 1435 1604 propter
1462 1542 1754 1604 inpendium

276 1628 578 1690 decerpendi
645 1635 943 1690 expectatur
1007 1636 1063 1674 ut
1128 1628 1365 1675 decidant
1429 1628 1603 1676 olivae.
1671 1633 1754 1693 qui

276 1715 497 1761 medium
523 1722 986 1776 temperamentum
1013 1718 1064 1761 in
1091 1714 1184 1762 hoc
1212 1722 1413 1762 servant
1440 1719 1642 1777 perticis
1670 1716 1756 1763 de-

275 1805 472 1848 cutiunt
529 1819 643 1848 cum
700 1806 878 1847 iniuria
935 1802 1167 1847 arborum
1224 1805 1581 1864 sequentisque
1639 1807 1754 1849 anni

276 1889 487 1943 damn03
549 1892 733 1951 quippe
778 1888 1075 1934 olivantibus
1120 1888 1201 1934 lex
1245 1891 1589 1951 antiquissima
1631 1889 1754 1937 fuit:

275 1975 436 2020 oleam
473 1992 535 2021 ne
571 1979 803 2037 stringito
839 1992 965 2021 neve
1001 1975 1281 2021 verberato.
1351 1979 1434 2038 qui
1468 1979 1754 2023 cautissime

277 2069 434 2124 agunt
473 2061 751 2107 harundine
790 2061 885 2108 levi
923 2065 1026 2108 ictu
1066 2078 1158 2108 nec
1197 2061 1427 2107 adversos
1466 2066 1753 2123 percutiunt

277 2163 467 2201 ramos3
509 2152 576 2194 sic
602 2165 801 2210 quoque
827 2148 1078 2194 alternare
1102 2148 1292 2194 fructus
1316 2151 1512 2211 cogitur
1535 2148 1752 2196 decussis

276 2235 598 2297 germinibus,
642 2252 733 2280 nec
776 2238 936 2280 minus
980 2238 1020 2280 si
1064 2242 1362 2296 expectetur
1405 2241 1460 2280 ut
1503 2234 1752 2291 cadant33

584 2387 598 2410 ¹
635 2386 714 2425 VJ.
738 2386 794 2425 ab
825 2417 834 2425 .
869 2416 878 2425 .
912 2416 921 2425 .
954 2391 1121 2425 exortu.

578 2442 591 2463 ²
626 2440 819 2490 Illayhoff
834 2456 841 2478 :
881 2453 977 2478 cum
999 2441 1032 2478 si
1053 2441 1185 2479 etiam
1208 2440 1475 2490 copiosiores.

581 2494 596 2516 ³
631 2493 847 2544 Jlaylzoff:
880 2494 1022 2533 cadat.

284 2597 369 2639 294
