1909 2998
576 213 819 259 PLINY:
884 213 1214 259 NATURAL
1258 212 1554 259 HISTORY

317 344 501 405 passim
537 344 775 396 nascitur,
807 340 897 386 sed
934 340 1053 386 ficus
1091 343 1196 386 sine
1234 339 1379 395 foliis,
1418 341 1565 386 rubro
1589 343 1801 395 cortice3

318 432 374 478 fit
441 438 494 477 et
556 430 725 494 palma
791 429 1028 476 fruticum
1080 432 1293 493 generis.
1363 437 1508 476 extra
1574 429 1802 477 Herculis

316 521 571 567 columnas
590 522 724 584 porri
745 519 922 566 fronde
945 522 1166 565 nascitur
1187 519 1357 566 frutex
1380 527 1434 566 et
1455 519 1577 566 alius
1599 519 1724 566 lauri
1746 537 1801 566 ac

318 611 498 674 thymi,
522 613 605 673 qui
630 611 778 656 ambo
802 612 953 656 eiecti
975 613 1026 655 in
1047 612 1301 673 pumicem
1324 609 1759 672 transfigurantur.

220 708 297 746 139
387 700 444 746 L.
483 701 554 746 At
591 704 642 746 in
681 703 875 746 oriente
914 703 1095 746 mirum
1134 707 1212 746 est
1250 703 1424 746 statim
1455 717 1485 746 a
1516 699 1678 763 Copto
1713 717 1805 764 per

318 790 611 837 solitudines
663 789 785 836 nihil
819 793 959 854 gigni
994 797 1198 854 praeter
1233 793 1428 853 spinam
1465 806 1594 852 quae
1630 793 1803 841 sitiens

318 888 540 937 vocatur,
589 888 642 927 et
689 879 818 927 hanc
865 897 1030 926 raram
1079 880 1367 936 admodum,
1415 883 1467 925 in
1514 883 1637 925 mari
1687 897 1804 927 vero

320 972 488 1017 Rubro
515 971 660 1017 silvas
687 974 846 1017 virere
873 970 1017 1017 lauru
1043 973 1262 1016 maxime
1291 977 1344 1016 et
1371 970 1499 1016 oliva
1525 969 1803 1017 ferentibus

319 1063 467 1108 bacas
488 1069 558 1117 et,
577 1079 690 1107 cum
707 1061 868 1125 pluat,
888 1060 1086 1124 fungos,
1105 1064 1190 1124 qui
1209 1061 1311 1107 sole
1330 1064 1456 1107 tacti
1473 1067 1736 1107 mutantur
1753 1063 1804 1108 in

318 1155 585 1215 pumicem.
654 1151 892 1198 fruticum
957 1154 1177 1215 ipsorum
1242 1150 1540 1214 magnitudo
1603 1157 1804 1197 ternum

318 1243 600 1288 cubitorum
651 1249 744 1288 est.
825 1241 1060 1288 caniculis
1117 1240 1307 1287 referta
1363 1240 1562 1297 maria,1
1608 1237 1690 1288 vix
1748 1249 1805 1288 ut

318 1336 602 1396 prospicere
636 1349 663 1378 e
695 1349 822 1378 nave
854 1339 1024 1378 tutum
1055 1334 1121 1378 sit
1151 1348 1315 1378 remos
1344 1331 1642 1395 plerumque
1673 1334 1805 1396 ipsos

319 1423 686 1469 invadentibus.

222 1520 297 1557 140
388 1512 472 1558 LI.
513 1513 610 1571 Qui
648 1516 946 1575 navigavere
985 1529 1048 1558 ex
1087 1512 1261 1558 Indis2
1290 1511 1566 1558 Alexandri
1602 1511 1805 1568 milites,

320 1603 547 1649 frondem
560 1606 863 1649 marinarum
877 1605 1109 1649 arborum
1122 1602 1376 1649 tradidere
1390 1606 1441 1647 in
1455 1619 1584 1664 aqua
1598 1602 1805 1648 viridem

321 1693 490 1748 fuisse,
517 1700 809 1757 exemptam
835 1693 937 1739 sole
961 1696 1189 1757 protinus
1215 1696 1266 1738 in
1291 1692 1447 1738 salem
1473 1699 1805 1748 arescentem,

322 1787 490 1829 iuncos
534 1801 732 1846 quoque
775 1783 998 1847 lapideos
1038 1800 1283 1846 perquam
1324 1781 1508 1828 similes
1549 1785 1677 1829 veris
1715 1799 1806 1846 per

321 1873 483 1929 litora,
521 1881 573 1920 et
609 1877 659 1918 in
696 1873 798 1919 alto
834 1873 1077 1936 quasdam
1113 1873 1399 1919 arbusculas
1434 1872 1596 1918 colore
1632 1872 1804 1919 bubuli

321 1980 497 2009 cornus
530 1980 750 2009 ramosas
784 1971 836 2010 et
869 1964 1208 2009 cacuminibus
1240 1963 1499 2017 rubentes,
1532 1979 1645 2008 cum
1677 1970 1805 2008 trac-

322 2061 553 2100 tarentur
577 2057 691 2100 vitri
717 2054 866 2099 modo
892 2053 1111 2116 fragileS,
1136 2056 1186 2098 in
1211 2056 1314 2116 igni
1340 2060 1512 2099 autem
1537 2060 1594 2098 ut
1618 2052 1804 2099 ferrum

222 2151 294 2188 141
322 2144 714 2200 inardescentes,
733 2147 985 2190 restinctis
1004 2143 1167 2189 colore
1187 2159 1276 2189 suo
1294 2142 1557 2188 redeunte.
1626 2142 1803 2188 eodem

320 2241 488 2280 tractu
539 2233 811 2279 insularum
860 2234 1004 2279 silvas
1053 2236 1216 2296 operit
1264 2239 1450 2287 aestus,
1501 2249 1802 2295 quamquam

322 2323 522 2370 altiores
540 2324 756 2387 platanis
774 2323 1070 2387 populisque
1091 2323 1356 2369 altissimis.
1400 2322 1518 2368 folia
1535 2325 1593 2368 iis
1617 2322 1803 2379 laurea,

430 2472 445 2495 ยน
477 2472 610 2509 maria
630 2471 724 2509 add.
747 2471 990 2509 Pintianus.

431 2525 445 2547 2
475 2539 525 2563 ex
549 2524 669 2564 indis
697 2525 1005 2573 Warminqton:
1029 2536 1081 2561 ex
1102 2522 1212 2562 Indo
1235 2523 1286 2561 M
1288 2522 1432 2574 ayhoff
1441 2539 1450 2563 ฮต
1483 2523 1527 2560 in
1547 2522 1692 2562 Indos.

331 2601 414 2644 180
