1909 2998
251 1162 298 1200 21

590 189 833 236 PLINY:
897 190 1226 236 NATURAL
1272 190 1569 238 HISTORY

338 331 509 360 eorum
532 318 726 361 inversa
748 332 900 361 manu
921 319 1134 379 capitur,
1156 332 1220 362 ne
1243 332 1479 363 carnosae
1501 319 1659 380 partis
1687 317 1821 365 calor

337 410 496 454 vitiet.

406 501 489 547 IV.
528 503 667 548 Haec
710 510 787 548 est
834 506 1048 549 materia
1090 503 1233 549 luxus
1278 520 1305 550 e
1347 507 1539 550 cunctis
1582 521 1818 552 maxume

336 599 655 658 supervacui3
705 600 1010 659 margaritae
1044 599 1178 643 enim
1210 613 1547 659 gemmaeque
1581 597 1645 644 ad
1677 597 1821 645 here-

335 688 452 734 dem
502 696 675 735 tamen
725 696 1006 746 transeunt,
1057 697 1223 736 vestes
1272 698 1547 754 prorogant
1599 698 1821 755 tempus,

336 789 597 845 unguenta
643 782 756 829 ilico
805 786 1037 847 expirant
1086 800 1144 829 ac
1192 787 1292 830 suis
1341 787 1622 830 moriuntur
1670 783 1818 831 horis.

336 892 530 921 summa
568 876 939 923 commendatio
981 893 1153 923 eorum
1194 885 1251 923 ut
1292 883 1590 924 transeunte
1631 876 1820 924 femina

336 969 457 1015 odor
474 973 655 1016 invitet
675 973 829 1016 etiam
849 970 984 1016 aliud
1004 971 1639 1034 agentes—exceduntque
1665 972 1821 1034 quad-

334 1066 567 1126 ringenos
616 1063 655 1109 Χ
704 1063 887 1111 librae!
951 1067 1084 1110 tanti
1131 1067 1315 1111 emitur
1360 1064 1590 1128 voluptas
1637 1065 1820 1121 aliena,

339 1160 528 1203 etenim
558 1157 763 1203 odorem
794 1161 878 1221 qui
908 1160 1040 1220 gerit
1069 1160 1176 1221 ipse
1208 1175 1308 1204 non
1337 1161 1509 1204 sentit.
1578 1161 1618 1204 si
1647 1166 1818 1205 tamen

335 1258 389 1296 et
438 1250 563 1297 haec
612 1251 779 1313 aliqua
828 1250 1114 1297 differentia
1163 1251 1409 1314 signanda
1457 1259 1592 1308 sunt,
1641 1255 1692 1298 in
1745 1252 1818 1298 M.

335 1343 585 1390 Ciceronis
625 1348 964 1391 monumentis
1004 1348 1257 1391 invenitur
1297 1352 1559 1408 unguenta
1599 1349 1820 1408 gratiora

335 1454 463 1500 quae
508 1446 696 1485 terram
741 1455 891 1501 quam
936 1455 1067 1501 quae
1111 1455 1312 1484 crocum
1356 1441 1573 1502 sapiant,
1619 1439 1820 1502 quando

334 1534 489 1577 etiam
529 1535 901 1595 corruptissimo
942 1535 992 1577 in
1033 1548 1222 1594 genere
1264 1535 1425 1595 magis
1466 1539 1640 1578 tamen
1681 1535 1820 1579 iuvat

335 1625 584 1687 quaedam
612 1628 764 1689 ipsius
793 1628 902 1672 vitii
931 1628 1187 1672 severitas.
1257 1626 1347 1672 sed
1376 1625 1620 1688 quosdam
1649 1629 1820 1672 crassi-

333 1718 458 1764 tudo
494 1722 712 1765 maxime
749 1719 974 1765 delectat
1011 1722 1224 1782 spissum
1261 1718 1595 1782 appellantes,
1631 1719 1818 1782 linique

337 1815 454 1867 iam,
469 1829 569 1858 non
584 1812 743 1858 solum
756 1811 992 1876 perfundi
1006 1815 1277 1875 unguentis
1293 1812 1537 1875 gaudent.
1607 1812 1817 1859 vidimus

334 1909 489 1951 etiam
527 1909 740 1968 vestigia
776 1906 965 1969 pedum
1003 1909 1184 1968 tingui,
1223 1905 1358 1968 quod
1397 1913 1701 1952 monstrasse
1742 1906 1816 1953 M.

334 1998 589 2045 Othonem
612 1999 798 2045 Neroni
818 2002 1029 2063 principi
1051 1998 1311 2045 ferebant:
1354 1999 1581 2061 quaeso,1
1603 1999 1819 2062 qualiter

332 2096 605 2139 sentiretur
651 2096 947 2155 iuvaretque
996 2094 1059 2139 ab
1108 2110 1168 2139 ea
1213 2100 1360 2156 parte
1407 2093 1659 2156 corporis?
1725 2109 1818 2139 nec

334 2203 432 2232 non
480 2186 698 2248 aliquem
747 2203 773 2232 e
822 2189 1028 2250 privatis
1078 2187 1355 2232 audivimus
1403 2189 1602 2232 iussisse
1651 2189 1815 2250 spargi

331 2283 550 2343 parietes
584 2279 876 2326 balnearum
911 2287 1171 2342 unguento
1217 2286 1372 2341 atque
1408 2279 1590 2325 Gaium
1639 2282 1817 2340 princi-

331 2390 448 2437 pem
483 2372 603 2418 solia
637 2376 908 2436 temperari
944 2389 1018 2428 ac,
1053 2390 1116 2419 ne
1150 2372 1424 2436 principale
1459 2372 1690 2418 videatur
1723 2370 1816 2418 hoc

831 2507 846 2531 ¹
877 2506 981 2546 Edd.
1003 2521 1011 2545 ε
1044 2519 1201 2556 quaeso
1223 2510 1284 2545 ut.

335 2597 419 2626 110
