<?xml version="1.0" encoding="UTF-8"?>
<!DOCTYPE html PUBLIC "-//W3C//DTD XHTML 1.0 Transitional//EN"
    "http://www.w3.org/TR/xhtml1/DTD/xhtml1-transitional.dtd">
<html xmlns="http://www.w3.org/1999/xhtml" xml:lang="en" lang="en">
 <head>
  <title>
</title>
<meta http-equiv="Content-Type" content="text/html;charset=utf-8" />
  <meta name='ocr-system' content='tesseract 3.04.00' />
  <meta name='ocr-capabilities' content='ocr_page ocr_carea ocr_par ocr_line ocrx_word'/>
</head>
<body>
  <div class='ocr_page' id='page_1' title='image "./naturalhistory04plinuoft/naturalhistory04plinuoft_0470.png"; bbox 0 0 1909 2998; ppageno 0'>
   <div class='ocr_carea' id='block_1_1' title="bbox 585 191 1567 239">
    <p class='ocr_par' dir='ltr' id='par_1_1' title="bbox 585 191 1567 239">
     <span class='ocr_line' id='line_1_1' title="bbox 585 191 1567 239; baseline 0.001 -2"><span class='ocrx_word' id='word_1_1' title='bbox 585 192 830 239; x_wconf 80' lang='lat' dir='ltr'>PLINY:</span> <span class='ocrx_word' id='word_1_2' title='bbox 895 193 1224 238; x_wconf 84' lang='lat' dir='ltr'>NATURAL</span> <span class='ocrx_word' id='word_1_3' title='bbox 1270 191 1567 239; x_wconf 88' lang='lat' dir='ltr'>HISTORY</span> 
     </span>
    </p>
   </div>
   <div class='ocr_carea' id='block_1_2' title="bbox 237 319 1819 2137">
    <p class='ocr_par' dir='ltr' id='par_1_2' title="bbox 336 319 1815 527">
     <span class='ocr_line' id='line_1_2' title="bbox 336 319 1815 382; baseline 0 -18"><span class='ocrx_word' id='word_1_4' title='bbox 336 322 628 365; x_wconf 77' lang='lat' dir='ltr'><strong>maturescit</strong></span> <span class='ocrx_word' id='word_1_5' title='bbox 657 319 885 365; x_wconf 80' lang='lat' dir='ltr'><strong>alia-—sic</strong></span> <span class='ocrx_word' id='word_1_6' title='bbox 915 319 1233 382; x_wconf 76' lang='lat' dir='ltr'><strong>dispensatur</strong></span> <span class='ocrx_word' id='word_1_7' title='bbox 1261 326 1317 365; x_wconf 91' lang='lat' dir='ltr'><strong>ut</strong></span> <span class='ocrx_word' id='word_1_8' title='bbox 1346 319 1480 365; x_wconf 88' lang='lat' dir='ltr'><strong>nullo</strong></span> <span class='ocrx_word' id='word_1_9' title='bbox 1513 336 1612 365; x_wconf 92' lang='lat' dir='ltr'><strong>non</strong></span> <span class='ocrx_word' id='word_1_10' title='bbox 1644 335 1815 365; x_wconf 86' lang='lat' dir='ltr'><strong>mense</strong></span> 
     </span>
     <span class='ocr_line' id='line_1_3' title="bbox 336 392 1815 454; baseline 0.001 -17"><span class='ocrx_word' id='word_1_11' title='bbox 336 399 691 438; x_wconf 67' lang='lat' dir='ltr'>maturescant.</span> <span class='ocrx_word' id='word_1_12' title='bbox 762 409 890 454; x_wconf 87' lang='lat' dir='ltr'><strong>quae</strong></span> <span class='ocrx_word' id='word_1_13' title='bbox 912 409 964 438; x_wconf 88' lang='lat' dir='ltr'><strong>se</strong></span> <span class='ocrx_word' id='word_1_14' title='bbox 985 395 1036 437; x_wconf 91' lang='lat' dir='ltr'><strong>in</strong></span> <span class='ocrx_word' id='word_1_15' title='bbox 1057 393 1231 438; x_wconf 84' lang='lat' dir='ltr'><strong>arbore</strong></span> <span class='ocrx_word' id='word_1_16' title='bbox 1252 395 1360 454; x_wconf 89' lang='lat' dir='ltr'><strong>ipsa</strong></span> <span class='ocrx_word' id='word_1_17' title='bbox 1379 392 1591 438; x_wconf 81' lang='lat' dir='ltr'><strong>divisere</strong></span> <span class='ocrx_word' id='word_1_18' title='bbox 1614 395 1815 438; x_wconf 83' lang='lat' dir='ltr'><strong>azaniae</strong></span> 
     </span>
     <span class='ocr_line' id='line_1_4' title="bbox 336 463 1637 527; baseline 0.001 -17"><span class='ocrx_word' id='word_1_19' title='bbox 336 473 592 520; x_wconf 83' lang='lat' dir='ltr'><strong>vocantur,</strong></span> <span class='ocrx_word' id='word_1_20' title='bbox 617 465 925 527; x_wconf 73' lang='lat' dir='ltr'>laeduntque</span> <span class='ocrx_word' id='word_1_21' title='bbox 952 472 1146 511; x_wconf 85' lang='lat' dir='ltr'><strong>ceteras</strong></span> <span class='ocrx_word' id='word_1_22' title='bbox 1173 468 1264 510; x_wconf 90' lang='lat' dir='ltr'><strong>nisi</strong></span> <span class='ocrx_word' id='word_1_23' title='bbox 1291 463 1637 511; x_wconf 75' lang='lat' dir='ltr'><strong>detrahantur.</strong></span> 
     </span>
    </p>

    <p class='ocr_par' dir='ltr' id='par_1_3' title="bbox 238 537 1818 1187">
     <span class='ocr_line' id='line_1_5' title="bbox 238 537 1816 584; baseline 0.001 -1"><span class='ocrx_word' id='word_1_24' title='bbox 238 545 314 583; x_wconf 75' lang='lat'><strong>108</strong></span> <span class='ocrx_word' id='word_1_25' title='bbox 402 538 552 584; x_wconf 90' lang='lat' dir='ltr'>XLV.</span> <span class='ocrx_word' id='word_1_26' title='bbox 591 538 828 584; x_wconf 88' lang='lat' dir='ltr'><strong>Fructum</strong></span> <span class='ocrx_word' id='word_1_27' title='bbox 853 539 1085 583; x_wconf 89' lang='lat' dir='ltr'><strong>arborum</strong></span> <span class='ocrx_word' id='word_1_28' title='bbox 1111 538 1244 584; x_wconf 87' lang='lat' dir='ltr'><strong>solae</strong></span> <span class='ocrx_word' id='word_1_29' title='bbox 1277 537 1466 583; x_wconf 90' lang='lat' dir='ltr'><strong>nullum</strong></span> <span class='ocrx_word' id='word_1_30' title='bbox 1491 537 1816 584; x_wconf 89' lang='lat' dir='ltr'><strong>ferunt—hoc</strong></span> 
     </span>
     <span class='ocr_line' id='line_1_6' title="bbox 337 611 1816 674; baseline 0 -17"><span class='ocrx_word' id='word_1_31' title='bbox 337 619 413 657; x_wconf 88' lang='lat' dir='ltr'><strong>est</strong></span> <span class='ocrx_word' id='word_1_32' title='bbox 434 628 494 656; x_wconf 88' lang='lat' dir='ltr'><strong>ne</strong></span> <span class='ocrx_word' id='word_1_33' title='bbox 512 628 684 657; x_wconf 85' lang='lat' dir='ltr'><strong>semen</strong></span> <span class='ocrx_word' id='word_1_34' title='bbox 702 611 1185 674; x_wconf 78' lang='lat' dir='ltr'><strong>quidem—tamarix</strong></span> <span class='ocrx_word' id='word_1_35' title='bbox 1201 614 1361 673; x_wconf 90' lang='lat' dir='ltr'><strong>scopis</strong></span> <span class='ocrx_word' id='word_1_36' title='bbox 1375 618 1576 657; x_wconf 85' lang='lat' dir='ltr'><strong>tantum</strong></span> <span class='ocrx_word' id='word_1_37' title='bbox 1591 628 1816 667; x_wconf 86' lang='lat' dir='ltr'><strong>nascens,</strong></span> 
     </span>
     <span class='ocr_line' id='line_1_7' title="bbox 334 683 1817 747; baseline 0 -17"><span class='ocrx_word' id='word_1_38' title='bbox 334 685 563 747; x_wconf 87' lang='lat' dir='ltr'><strong>populus,</strong></span> <span class='ocrx_word' id='word_1_39' title='bbox 611 685 767 740; x_wconf 90' lang='lat' dir='ltr'><strong>alnus,</strong></span> <span class='ocrx_word' id='word_1_40' title='bbox 814 684 975 730; x_wconf 91' lang='lat' dir='ltr'><strong>ulmus</strong></span> <span class='ocrx_word' id='word_1_41' title='bbox 1022 685 1212 740; x_wconf 89' lang='lat' dir='ltr'><strong>Atinia,</strong></span> <span class='ocrx_word' id='word_1_42' title='bbox 1259 684 1530 740; x_wconf 78' lang='lat' dir='ltr'><strong>alaternus,</strong></span> <span class='ocrx_word' id='word_1_43' title='bbox 1575 688 1653 730; x_wconf 92' lang='lat' dir='ltr'><strong>cui</strong></span> <span class='ocrx_word' id='word_1_44' title='bbox 1699 683 1817 730; x_wconf 90' lang='lat' dir='ltr'><strong>folia</strong></span> 
     </span>
     <span class='ocr_line' id='line_1_8' title="bbox 337 756 1818 812; baseline 0 -10"><span class='ocrx_word' id='word_1_45' title='bbox 337 761 466 803; x_wconf 85' lang='lat' dir='ltr'><strong>inter</strong></span> <span class='ocrx_word' id='word_1_46' title='bbox 492 757 656 803; x_wconf 88' lang='lat' dir='ltr'><strong>ilicem</strong></span> <span class='ocrx_word' id='word_1_47' title='bbox 683 765 736 804; x_wconf 87' lang='lat' dir='ltr'><strong>et</strong></span> <span class='ocrx_word' id='word_1_48' title='bbox 763 757 970 812; x_wconf 83' lang='lat' dir='ltr'><strong>olivam3</strong></span> <span class='ocrx_word' id='word_1_49' title='bbox 1014 756 1238 803; x_wconf 82' lang='lat' dir='ltr'><strong>infelices</strong></span> <span class='ocrx_word' id='word_1_50' title='bbox 1266 764 1439 803; x_wconf 91' lang='lat' dir='ltr'><strong>autem</strong></span> <span class='ocrx_word' id='word_1_51' title='bbox 1466 760 1818 804; x_wconf 77' lang='lat' dir='ltr'><strong>existimantur</strong></span> 
     </span>
     <span class='ocr_line' id='line_1_9' title="bbox 337 831 1817 894; baseline 0 -18"><span class='ocrx_word' id='word_1_52' title='bbox 337 831 709 893; x_wconf 77' lang='lat' dir='ltr'><strong>damnataeque</strong></span> <span class='ocrx_word' id='word_1_53' title='bbox 729 831 970 893; x_wconf 81' lang='lat' dir='ltr'><strong>religione</strong></span> <span class='ocrx_word' id='word_1_54' title='bbox 992 847 1121 893; x_wconf 86' lang='lat' dir='ltr'><strong>quae</strong></span> <span class='ocrx_word' id='word_1_55' title='bbox 1142 847 1307 893; x_wconf 88' lang='lat' dir='ltr'><strong>neque</strong></span> <span class='ocrx_word' id='word_1_56' title='bbox 1328 838 1562 877; x_wconf 85' lang='lat' dir='ltr'><strong>seruntur</strong></span> <span class='ocrx_word' id='word_1_57' title='bbox 1580 848 1817 894; x_wconf 88' lang='lat' dir='ltr'><strong>umquam</strong></span> 
     </span>
     <span class='ocr_line' id='line_1_10' title="bbox 336 903 1818 966; baseline 0 -16"><span class='ocrx_word' id='word_1_58' title='bbox 336 921 500 966; x_wconf 89' lang='lat' dir='ltr'><strong>neque</strong></span> <span class='ocrx_word' id='word_1_59' title='bbox 535 903 753 950; x_wconf 85' lang='lat' dir='ltr'><strong>fructum</strong></span> <span class='ocrx_word' id='word_1_60' title='bbox 785 904 969 950; x_wconf 84' lang='lat' dir='ltr'><strong>ferunt.</strong></span> <span class='ocrx_word' id='word_1_61' title='bbox 1040 904 1326 950; x_wconf 87' lang='lat' dir='ltr'><strong>Cremutius</strong></span> <span class='ocrx_word' id='word_1_62' title='bbox 1360 911 1534 950; x_wconf 85' lang='lat' dir='ltr'><strong>auctor</strong></span> <span class='ocrx_word' id='word_1_63' title='bbox 1567 912 1645 950; x_wconf 89' lang='lat' dir='ltr'><strong>est</strong></span> <span class='ocrx_word' id='word_1_64' title='bbox 1678 921 1818 950; x_wconf 89' lang='lat' dir='ltr'><strong>num—</strong></span> 
     </span>
     <span class='ocr_line' id='line_1_11' title="bbox 336 976 1815 1041; baseline 0.001 -18"><span class='ocrx_word' id='word_1_65' title='bbox 336 995 485 1040; x_wconf 87' lang='lat' dir='ltr'><strong>quam</strong></span> <span class='ocrx_word' id='word_1_66' title='bbox 515 981 673 1024; x_wconf 87' lang='lat' dir='ltr'><strong>virere</strong></span> <span class='ocrx_word' id='word_1_67' title='bbox 703 978 932 1024; x_wconf 87' lang='lat' dir='ltr'><strong>arborem</strong></span> <span class='ocrx_word' id='word_1_68' title='bbox 962 995 1024 1023; x_wconf 81' lang='lat' dir='ltr'><strong>ex</strong></span> <span class='ocrx_word' id='word_1_69' title='bbox 1055 994 1154 1040; x_wconf 90' lang='lat' dir='ltr'><strong>qua</strong></span> <span class='ocrx_word' id='word_1_70' title='bbox 1183 976 1369 1040; x_wconf 87' lang='lat' dir='ltr'><strong>Phyllis</strong></span> <span class='ocrx_word' id='word_1_71' title='bbox 1398 994 1451 1024; x_wconf 88' lang='lat' dir='ltr'><strong>se</strong></span> <span class='ocrx_word' id='word_1_72' title='bbox 1481 978 1815 1041; x_wconf 84' lang='lat' dir='ltr'><strong>suspenderit.</strong></span> 
     </span>
     <span class='ocr_line' id='line_1_12' title="bbox 337 1051 1818 1114; baseline 0.001 -18"><span class='ocrx_word' id='word_1_73' title='bbox 337 1067 464 1113; x_wconf 86' lang='lat' dir='ltr'><strong>quae</strong></span> <span class='ocrx_word' id='word_1_74' title='bbox 479 1053 723 1113; x_wconf 84' lang='lat' dir='ltr'><strong>gummim</strong></span> <span class='ocrx_word' id='word_1_75' title='bbox 736 1054 952 1114; x_wconf 81' lang='lat' dir='ltr'><strong>gignunt</strong></span> <span class='ocrx_word' id='word_1_76' title='bbox 964 1058 1079 1114; x_wconf 88' lang='lat' dir='ltr'><strong>post</strong></span> <span class='ocrx_word' id='word_1_77' title='bbox 1092 1053 1514 1113; x_wconf 84' lang='lat' dir='ltr'><strong>germinationem</strong></span> <span class='ocrx_word' id='word_1_78' title='bbox 1529 1053 1759 1114; x_wconf 88' lang='lat' dir='ltr'><strong>aperiunt</strong></span> <span class='ocrx_word' id='word_1_79' title='bbox 1772 1051 1789 1080; x_wconf 81' lang='lat'>1</span> <span class='ocrx_word' id='word_1_80' title='bbox 1807 1067 1818 1106; x_wconf 92' lang='lat'>;</span> 
     </span>
     <span class='ocr_line' id='line_1_13' title="bbox 336 1123 1518 1187; baseline 0.002 -19"><span class='ocrx_word' id='word_1_81' title='bbox 336 1127 549 1187; x_wconf 84' lang='lat' dir='ltr'><strong>gummis</strong></span> <span class='ocrx_word' id='word_1_82' title='bbox 575 1141 673 1170; x_wconf 89' lang='lat' dir='ltr'><strong>non</strong></span> <span class='ocrx_word' id='word_1_83' title='bbox 699 1127 792 1169; x_wconf 89' lang='lat' dir='ltr'><strong>nisi</strong></span> <span class='ocrx_word' id='word_1_84' title='bbox 817 1123 984 1170; x_wconf 86' lang='lat' dir='ltr'><strong>fructu</strong></span> <span class='ocrx_word' id='word_1_85' title='bbox 1009 1124 1240 1170; x_wconf 89' lang='lat' dir='ltr'><strong>detracto</strong></span> <span class='ocrx_word' id='word_1_86' title='bbox 1264 1127 1518 1187; x_wconf 88' lang='lat' dir='ltr'><strong>spissatur.</strong></span> 
     </span>
    </p>

    <p class='ocr_par' dir='ltr' id='par_1_4' title="bbox 237 1196 1818 1773">
     <span class='ocr_line' id='line_1_14' title="bbox 237 1196 1818 1259; baseline 0.001 -17"><span class='ocrx_word' id='word_1_87' title='bbox 237 1204 313 1242; x_wconf 83' lang='lat'><strong>109</strong></span> <span class='ocrx_word' id='word_1_88' title='bbox 402 1196 581 1242; x_wconf 81' lang='lat' dir='ltr'><strong>XLVI.</strong></span> <span class='ocrx_word' id='word_1_89' title='bbox 622 1197 860 1243; x_wconf 82' lang='lat' dir='ltr'><strong>Novellae</strong></span> <span class='ocrx_word' id='word_1_90' title='bbox 904 1198 1103 1243; x_wconf 89' lang='lat' dir='ltr'><strong>arbores</strong></span> <span class='ocrx_word' id='word_1_91' title='bbox 1146 1204 1319 1243; x_wconf 84' lang='lat' dir='ltr'><strong>carent</strong></span> <span class='ocrx_word' id='word_1_92' title='bbox 1366 1196 1534 1243; x_wconf 83' lang='lat' dir='ltr'><strong>fructu</strong></span> <span class='ocrx_word' id='word_1_93' title='bbox 1581 1197 1818 1259; x_wconf 87' lang='lat' dir='ltr'><strong>quamdiu</strong></span> 
     </span>
     <span class='ocr_line' id='line_1_15' title="bbox 335 1270 1818 1334; baseline 0 -18"><span class='ocrx_word' id='word_1_94' title='bbox 335 1278 579 1316; x_wconf 75' lang='lat' dir='ltr'><strong>crescunt.</strong></span> <span class='ocrx_word' id='word_1_95' title='bbox 633 1270 854 1334; x_wconf 88' lang='lat' dir='ltr'><strong>perdunt</strong></span> <span class='ocrx_word' id='word_1_96' title='bbox 873 1270 1106 1317; x_wconf 88' lang='lat' dir='ltr'><strong>facillime</strong></span> <span class='ocrx_word' id='word_1_97' title='bbox 1128 1278 1247 1317; x_wconf 90' lang='lat' dir='ltr'><strong>ante</strong></span> <span class='ocrx_word' id='word_1_98' title='bbox 1267 1274 1617 1316; x_wconf 86' lang='lat' dir='ltr'><strong>maturitatem</strong></span> <span class='ocrx_word' id='word_1_99' title='bbox 1633 1270 1818 1334; x_wconf 87' lang='lat' dir='ltr'><strong>palma,</strong></span> 
     </span>
     <span class='ocr_line' id='line_1_16' title="bbox 337 1343 1818 1407; baseline 0.001 -18"><span class='ocrx_word' id='word_1_100' title='bbox 337 1343 473 1398; x_wconf 87' lang='lat' dir='ltr'><strong>ficus,</strong></span> <span class='ocrx_word' id='word_1_101' title='bbox 521 1344 807 1406; x_wconf 78' lang='lat' dir='ltr'><strong>amygdala,</strong></span> <span class='ocrx_word' id='word_1_102' title='bbox 852 1344 1028 1400; x_wconf 89' lang='lat' dir='ltr'><strong>malus,</strong></span> <span class='ocrx_word' id='word_1_103' title='bbox 1069 1347 1221 1407; x_wconf 88' lang='lat' dir='ltr'><strong>pirus,</strong></span> <span class='ocrx_word' id='word_1_104' title='bbox 1274 1347 1400 1390; x_wconf 89' lang='lat' dir='ltr'><strong>item</strong></span> <span class='ocrx_word' id='word_1_105' title='bbox 1445 1347 1646 1407; x_wconf 91' lang='lat' dir='ltr'><strong>punica,</strong></span> <span class='ocrx_word' id='word_1_106' title='bbox 1689 1360 1818 1407; x_wconf 86' lang='lat' dir='ltr'><strong>quae</strong></span> 
     </span>
     <span class='ocr_line' id='line_1_17' title="bbox 338 1416 1818 1480; baseline 0 -18"><span class='ocrx_word' id='word_1_107' title='bbox 338 1421 492 1462; x_wconf 89' lang='lat' dir='ltr'><strong>etiam</strong></span> <span class='ocrx_word' id='word_1_108' title='bbox 529 1417 719 1462; x_wconf 90' lang='lat' dir='ltr'><strong>roribus</strong></span> <span class='ocrx_word' id='word_1_109' title='bbox 756 1420 919 1463; x_wconf 90' lang='lat' dir='ltr'><strong>nimiis</strong></span> <span class='ocrx_word' id='word_1_110' title='bbox 956 1424 1009 1463; x_wconf 87' lang='lat' dir='ltr'><strong>et</strong></span> <span class='ocrx_word' id='word_1_111' title='bbox 1031 1420 1220 1480; x_wconf 84' lang='lat' dir='ltr'><strong>pruinis</strong></span> <span class='ocrx_word' id='word_1_112' title='bbox 1247 1416 1419 1463; x_wconf 89' lang='lat' dir='ltr'><strong>florem</strong></span> <span class='ocrx_word' id='word_1_113' title='bbox 1446 1420 1651 1463; x_wconf 87' lang='lat' dir='ltr'><strong>amittit.</strong></span> <span class='ocrx_word' id='word_1_114' title='bbox 1721 1434 1818 1480; x_wconf 90' lang='lat' dir='ltr'><strong>qua</strong></span> 
     </span>
     <span class='ocr_line' id='line_1_18' title="bbox 336 1489 1818 1546; baseline 0.001 -11"><span class='ocrx_word' id='word_1_115' title='bbox 336 1489 399 1535; x_wconf 91' lang='lat' dir='ltr'><strong>de</strong></span> <span class='ocrx_word' id='word_1_116' title='bbox 433 1507 582 1536; x_wconf 86' lang='lat' dir='ltr'><strong>causa</strong></span> <span class='ocrx_word' id='word_1_117' title='bbox 618 1489 883 1536; x_wconf 80' lang='lat' dir='ltr'><strong>inflectunt</strong></span> <span class='ocrx_word' id='word_1_118' title='bbox 908 1506 1070 1536; x_wconf 90' lang='lat' dir='ltr'><strong>ramos</strong></span> <span class='ocrx_word' id='word_1_119' title='bbox 1097 1494 1220 1546; x_wconf 89' lang='lat' dir='ltr'><strong>eius,</strong></span> <span class='ocrx_word' id='word_1_120' title='bbox 1246 1506 1309 1536; x_wconf 89' lang='lat' dir='ltr'><strong>ne</strong></span> <span class='ocrx_word' id='word_1_121' title='bbox 1337 1491 1556 1536; x_wconf 90' lang='lat' dir='ltr'><strong>subrecti</strong></span> <span class='ocrx_word' id='word_1_122' title='bbox 1594 1507 1818 1536; x_wconf 90' lang='lat' dir='ltr'><strong>umorem</strong></span> 
     </span>
     <span class='ocr_line' id='line_1_19' title="bbox 336 1562 1818 1626; baseline 0.001 -18"><span class='ocrx_word' id='word_1_123' title='bbox 336 1562 575 1609; x_wconf 87' lang='lat' dir='ltr'><strong>infestum</strong></span> <span class='ocrx_word' id='word_1_124' title='bbox 643 1566 896 1626; x_wconf 80' lang='lat' dir='ltr'><strong>excipiant</strong></span> <span class='ocrx_word' id='word_1_125' title='bbox 965 1571 1118 1626; x_wconf 87' lang='lat' dir='ltr'><strong>atque</strong></span> <span class='ocrx_word' id='word_1_126' title='bbox 1186 1567 1507 1618; x_wconf 83' lang='lat' dir='ltr'><strong>contineant3</strong></span> <span class='ocrx_word' id='word_1_127' title='bbox 1564 1566 1697 1626; x_wconf 89' lang='lat' dir='ltr'><strong>pirus</strong></span> <span class='ocrx_word' id='word_1_128' title='bbox 1767 1571 1818 1610; x_wconf 90' lang='lat' dir='ltr'><strong>et</strong></span> 
     </span>
     <span class='ocr_line' id='line_1_20' title="bbox 337 1632 1818 1700; baseline 0.001 -19"><span class='ocrx_word' id='word_1_129' title='bbox 337 1636 620 1699; x_wconf 77' lang='lat' dir='ltr'><strong>amygdala,</strong></span> <span class='ocrx_word' id='word_1_130' title='bbox 634 1639 788 1683; x_wconf 88' lang='lat' dir='ltr'><strong>etiam</strong></span> <span class='ocrx_word' id='word_1_131' title='bbox 804 1640 844 1682; x_wconf 90' lang='lat' dir='ltr'><strong>si</strong></span> <span class='ocrx_word' id='word_1_132' title='bbox 859 1653 959 1682; x_wconf 91' lang='lat' dir='ltr'><strong>non</strong></span> <span class='ocrx_word' id='word_1_133' title='bbox 969 1637 1113 1700; x_wconf 91' lang='lat' dir='ltr'><strong>pluat</strong></span> <span class='ocrx_word' id='word_1_134' title='bbox 1129 1637 1219 1683; x_wconf 88' lang='lat' dir='ltr'><strong>sed</strong></span> <span class='ocrx_word' id='word_1_135' title='bbox 1235 1636 1322 1682; x_wconf 87' lang='lat' dir='ltr'><strong>fiat</strong></span> <span class='ocrx_word' id='word_1_136' title='bbox 1337 1632 1614 1683; x_wconf 86' lang='lat' dir='ltr'><strong>austrinum</strong></span> <span class='ocrx_word' id='word_1_137' title='bbox 1625 1635 1818 1683; x_wconf 82' lang='lat' dir='ltr'><strong>caelum</strong></span> 
     </span>
     <span class='ocr_line' id='line_1_21' title="bbox 337 1709 1817 1773; baseline 0.001 -19"><span class='ocrx_word' id='word_1_138' title='bbox 337 1718 425 1755; x_wconf 86' lang='lat' dir='ltr'><strong>aut</strong></span> <span class='ocrx_word' id='word_1_139' title='bbox 460 1709 701 1765; x_wconf 88' lang='lat' dir='ltr'><strong>nubilum,</strong></span> <span class='ocrx_word' id='word_1_140' title='bbox 738 1713 980 1756; x_wconf 89' lang='lat' dir='ltr'><strong>amittunt</strong></span> <span class='ocrx_word' id='word_1_141' title='bbox 1016 1709 1206 1766; x_wconf 89' lang='lat' dir='ltr'><strong>florem,</strong></span> <span class='ocrx_word' id='word_1_142' title='bbox 1243 1717 1296 1756; x_wconf 88' lang='lat' dir='ltr'><strong>et</strong></span> <span class='ocrx_word' id='word_1_143' title='bbox 1328 1713 1515 1773; x_wconf 91' lang='lat' dir='ltr'><strong>primos</strong></span> <span class='ocrx_word' id='word_1_144' title='bbox 1550 1709 1742 1757; x_wconf 86' lang='lat' dir='ltr'><strong>fructus</strong></span> <span class='ocrx_word' id='word_1_145' title='bbox 1777 1713 1817 1756; x_wconf 93' lang='lat' dir='ltr'><strong>si</strong></span> 
     </span>
    </p>

    <p class='ocr_par' dir='ltr' id='par_1_5' title="bbox 238 1782 1819 2137">
     <span class='ocr_line' id='line_1_22' title="bbox 238 1782 1816 1829; baseline 0.001 -2"><span class='ocrx_word' id='word_1_146' title='bbox 238 1789 313 1828; x_wconf 90' lang='lat'><strong>110</strong></span> <span class='ocrx_word' id='word_1_147' title='bbox 337 1799 449 1829; x_wconf 92' lang='lat' dir='ltr'><strong>cum</strong></span> <span class='ocrx_word' id='word_1_148' title='bbox 487 1782 764 1829; x_wconf 75' lang='lat' dir='ltr'><strong>defloruere</strong></span> <span class='ocrx_word' id='word_1_149' title='bbox 802 1783 929 1829; x_wconf 88' lang='lat' dir='ltr'><strong>tales</strong></span> <span class='ocrx_word' id='word_1_150' title='bbox 967 1783 1075 1829; x_wconf 89' lang='lat' dir='ltr'><strong>dies</strong></span> <span class='ocrx_word' id='word_1_151' title='bbox 1113 1783 1314 1829; x_wconf 88' lang='lat' dir='ltr'><strong>fuerint.</strong></span> <span class='ocrx_word' id='word_1_152' title='bbox 1383 1786 1609 1829; x_wconf 89' lang='lat' dir='ltr'><strong>ocissime</strong></span> <span class='ocrx_word' id='word_1_153' title='bbox 1647 1791 1816 1829; x_wconf 89' lang='lat' dir='ltr'><strong>autem</strong></span> 
     </span>
     <span class='ocr_line' id='line_1_23' title="bbox 336 1856 1816 1919; baseline 0.001 -17"><span class='ocrx_word' id='word_1_154' title='bbox 336 1856 457 1902; x_wconf 85' lang='lat' dir='ltr'><strong>salix</strong></span> <span class='ocrx_word' id='word_1_155' title='bbox 490 1859 678 1902; x_wconf 86' lang='lat' dir='ltr'><strong>amittit</strong></span> <span class='ocrx_word' id='word_1_156' title='bbox 710 1874 901 1911; x_wconf 88' lang='lat' dir='ltr'><strong>semen,</strong></span> <span class='ocrx_word' id='word_1_157' title='bbox 933 1864 1207 1919; x_wconf 85' lang='lat' dir='ltr'><strong>antequam</strong></span> <span class='ocrx_word' id='word_1_158' title='bbox 1238 1859 1439 1902; x_wconf 88' lang='lat' dir='ltr'><strong>omnino</strong></span> <span class='ocrx_word' id='word_1_159' title='bbox 1469 1859 1816 1903; x_wconf 88' lang='lat' dir='ltr'><strong>maturitatem</strong></span> 
     </span>
     <span class='ocr_line' id='line_1_24' title="bbox 335 1929 1819 1993; baseline 0.001 -19"><span class='ocrx_word' id='word_1_160' title='bbox 335 1932 539 1984; x_wconf 87' lang='lat' dir='ltr'><strong>sentiat,</strong></span> <span class='ocrx_word' id='word_1_161' title='bbox 589 1931 651 1975; x_wconf 90' lang='lat' dir='ltr'><strong>ob</strong></span> <span class='ocrx_word' id='word_1_162' title='bbox 700 1930 752 1975; x_wconf 95' lang='lat' dir='ltr'><strong>id</strong></span> <span class='ocrx_word' id='word_1_163' title='bbox 800 1930 936 1975; x_wconf 88' lang='lat' dir='ltr'><strong>dicta</strong></span> <span class='ocrx_word' id='word_1_164' title='bbox 987 1929 1206 1975; x_wconf 89' lang='lat' dir='ltr'><strong>Homero</strong></span> <span class='ocrx_word' id='word_1_165' title='bbox 1256 1929 1578 1993; x_wconf 83' lang='lat' dir='ltr'><strong>frugiperda3</strong></span> <span class='ocrx_word' id='word_1_166' title='bbox 1645 1937 1819 1976; x_wconf 88' lang='lat' dir='ltr'><strong>secuta</strong></span> 
     </span>
     <span class='ocr_line' id='line_1_25' title="bbox 337 2002 1819 2066; baseline 0.001 -19"><span class='ocrx_word' id='word_1_167' title='bbox 337 2009 476 2047; x_wconf 89' lang='lat' dir='ltr'><strong>aetas</strong></span> <span class='ocrx_word' id='word_1_168' title='bbox 510 2002 698 2048; x_wconf 86' lang='lat' dir='ltr'><strong>scelere</strong></span> <span class='ocrx_word' id='word_1_169' title='bbox 733 2020 820 2048; x_wconf 84' lang='lat' dir='ltr'><strong>suo</strong></span> <span class='ocrx_word' id='word_1_170' title='bbox 854 2006 1191 2066; x_wconf 86' lang='lat' dir='ltr'><strong>interpretata</strong></span> <span class='ocrx_word' id='word_1_171' title='bbox 1226 2010 1302 2049; x_wconf 90' lang='lat' dir='ltr'><strong>est</strong></span> <span class='ocrx_word' id='word_1_172' title='bbox 1335 2002 1463 2048; x_wconf 92' lang='lat' dir='ltr'><strong>hanc</strong></span> <span class='ocrx_word' id='word_1_173' title='bbox 1496 2006 1819 2058; x_wconf 86' lang='lat' dir='ltr'><strong>sententiam,</strong></span> 
     </span>
     <span class='ocr_line' id='line_1_26' title="bbox 338 2074 1819 2137; baseline 0.001 -17"><span class='ocrx_word' id='word_1_174' title='bbox 338 2074 537 2137; x_wconf 89' lang='lat' dir='ltr'><strong>quando</strong></span> <span class='ocrx_word' id='word_1_175' title='bbox 586 2091 761 2121; x_wconf 84' lang='lat' dir='ltr'><strong>semen</strong></span> <span class='ocrx_word' id='word_1_176' title='bbox 811 2075 970 2121; x_wconf 88' lang='lat' dir='ltr'><strong>salicis</strong></span> <span class='ocrx_word' id='word_1_177' title='bbox 1021 2076 1217 2121; x_wconf 90' lang='lat' dir='ltr'><strong>mulieri</strong></span> <span class='ocrx_word' id='word_1_178' title='bbox 1268 2075 1546 2122; x_wconf 85' lang='lat' dir='ltr'><strong>sterilitatis</strong></span> <span class='ocrx_word' id='word_1_179' title='bbox 1604 2075 1819 2121; x_wconf 87' lang='lat' dir='ltr'><strong>medica-</strong></span> 
     </span>
    </p>
   </div>
   <div class='ocr_carea' id='block_1_3' title="bbox 871 2185 1274 2237">
    <p class='ocr_par' dir='ltr' id='par_1_6' title="bbox 871 2185 1274 2237">
     <span class='ocr_line' id='line_1_27' title="bbox 871 2185 1274 2237; baseline 0 -13"><span class='ocrx_word' id='word_1_180' title='bbox 871 2187 885 2210; x_wconf 80' lang='lat'>1</span> <span class='ocrx_word' id='word_1_181' title='bbox 915 2187 1168 2237; x_wconf 79' lang='lat' dir='ltr'><strong>aperiuntur</strong></span> <span class='ocrx_word' id='word_1_182' title='bbox 1187 2185 1274 2225; x_wconf 74' lang='lat' dir='ltr'><strong>edd.</strong></span> 
     </span>
    </p>
   </div>
   <div class='ocr_carea' id='block_1_4' title="bbox 339 2349 1817 2560">
    <p class='ocr_par' dir='ltr' id='par_1_7' title="bbox 394 2349 1505 2400">
     <span class='ocr_line' id='line_1_28' title="bbox 394 2349 1505 2400; baseline 0.003 -13"><span class='ocrx_word' id='word_1_183' title='bbox 394 2356 410 2373; x_wconf 80' lang='lat'><strong><em>⁰</em></strong></span> <span class='ocrx_word' id='word_1_184' title='bbox 441 2349 499 2387; x_wconf 83' lang='lat' dir='ltr'><strong>Or</strong></span> <span class='ocrx_word' id='word_1_185' title='bbox 519 2349 705 2400; x_wconf 76' lang='lat' dir='ltr'><strong>perhaps</strong></span> <span class='ocrx_word' id='word_1_186' title='bbox 728 2353 738 2369; x_wconf 88' lang='lat'>‘</span> <span class='ocrx_word' id='word_1_187' title='bbox 752 2349 891 2388; x_wconf 87' lang='lat' dir='ltr'><strong>which</strong></span> <span class='ocrx_word' id='word_1_188' title='bbox 914 2351 1016 2400; x_wconf 87' lang='lat' dir='ltr'><strong>only</strong></span> <span class='ocrx_word' id='word_1_189' title='bbox 1036 2363 1173 2400; x_wconf 82' lang='lat' dir='ltr'><strong>grows</strong></span> <span class='ocrx_word' id='word_1_190' title='bbox 1195 2350 1304 2389; x_wconf 90' lang='lat' dir='ltr'><strong>from</strong></span> <span class='ocrx_word' id='word_1_191' title='bbox 1326 2349 1505 2390; x_wconf 78' lang='lat' dir='ltr'><strong>shoots.&#39;</strong></span> 
     </span>
    </p>

    <p class='ocr_par' dir='ltr' id='par_1_8' title="bbox 339 2403 1817 2506">
     <span class='ocr_line' id='line_1_29' title="bbox 394 2403 1817 2454; baseline 0.002 -14"><span class='ocrx_word' id='word_1_192' title='bbox 394 2403 406 2423; x_wconf 72' lang='lat'><strong>‘²</strong></span> <span class='ocrx_word' id='word_1_193' title='bbox 441 2403 664 2452; x_wconf 74' lang='lat' dir='ltr'><strong>Daughtcr</strong></span> <span class='ocrx_word' id='word_1_194' title='bbox 693 2403 740 2441; x_wconf 87' lang='lat' dir='ltr'><strong>of</strong></span> <span class='ocrx_word' id='word_1_195' title='bbox 765 2403 932 2450; x_wconf 81' lang='lat' dir='ltr'><strong>Sithon,</strong></span> <span class='ocrx_word' id='word_1_196' title='bbox 965 2404 1066 2453; x_wconf 85' lang='lat' dir='ltr'><strong>king</strong></span> <span class='ocrx_word' id='word_1_197' title='bbox 1096 2404 1140 2442; x_wconf 84' lang='lat' dir='ltr'><strong>of</strong></span> <span class='ocrx_word' id='word_1_198' title='bbox 1170 2404 1348 2451; x_wconf 78' lang='lat' dir='ltr'><strong>Thrace,</strong></span> <span class='ocrx_word' id='word_1_199' title='bbox 1370 2403 1465 2442; x_wconf 88' lang='lat' dir='ltr'><strong>who</strong></span> <span class='ocrx_word' id='word_1_200' title='bbox 1495 2404 1710 2454; x_wconf 81' lang='lat' dir='ltr'><strong>supposed</strong></span> <span class='ocrx_word' id='word_1_201' title='bbox 1742 2404 1817 2443; x_wconf 87' lang='lat' dir='ltr'><strong>her</strong></span> 
     </span>
     <span class='ocr_line' id='line_1_30' title="bbox 339 2456 1667 2506; baseline 0.003 -12"><span class='ocrx_word' id='word_1_202' title='bbox 339 2456 461 2495; x_wconf 75' lang='lat' dir='ltr'><strong>10v‹›r</strong></span> <span class='ocrx_word' id='word_1_203' title='bbox 482 2456 764 2506; x_wconf 86' lang='lat' dir='ltr'><strong>Demophoon</strong></span> <span class='ocrx_word' id='word_1_204' title='bbox 785 2461 831 2495; x_wconf 83' lang='lat' dir='ltr'><strong>to</strong></span> <span class='ocrx_word' id='word_1_205' title='bbox 855 2456 905 2494; x_wconf 90' lang='lat' dir='ltr'><strong>be</strong></span> <span class='ocrx_word' id='word_1_206' title='bbox 927 2456 1189 2497; x_wconf 80' lang='lat' dir='ltr'><strong>unfaithful:</strong></span> <span class='ocrx_word' id='word_1_207' title='bbox 1222 2457 1346 2505; x_wconf 85' lang='lat' dir='ltr'><strong>Ovid,</strong></span> <span class='ocrx_word' id='word_1_208' title='bbox 1368 2458 1470 2497; x_wconf 83' lang='lat' dir='ltr'><strong>Her.</strong></span> <span class='ocrx_word' id='word_1_209' title='bbox 1495 2458 1577 2496; x_wconf 89' lang='lat' dir='ltr'><strong>III.</strong></span> <span class='ocrx_word' id='word_1_210' title='bbox 1601 2459 1667 2498; x_wconf 88' lang='lat'><strong>38.</strong></span> 
     </span>
    </p>

    <p class='ocr_par' dir='ltr' id='par_1_9' title="bbox 396 2508 1041 2560">
     <span class='ocr_line' id='line_1_31' title="bbox 396 2508 1041 2560; baseline 0.003 -12"><span class='ocrx_word' id='word_1_211' title='bbox 396 2515 410 2533; x_wconf 76' lang='lat'><strong><em>⁶</em></strong></span> <span class='ocrx_word' id='word_1_212' title='bbox 441 2508 750 2560; x_wconf 83' lang='grc' dir='ltr'>Ὠλεσίκαρπον,</span> <span class='ocrx_word' id='word_1_213' title='bbox 771 2509 845 2549; x_wconf 80' lang='lat' dir='ltr'><strong>Od.</strong></span> <span class='ocrx_word' id='word_1_214' title='bbox 869 2510 924 2549; x_wconf 89' lang='lat' dir='ltr'><strong>X.</strong></span> <span class='ocrx_word' id='word_1_215' title='bbox 947 2512 1041 2551; x_wconf 86' lang='lat'><strong>510.</strong></span> 
     </span>
    </p>
   </div>
   <div class='ocr_carea' id='block_1_5' title="bbox 338 2575 426 2634">
    <p class='ocr_par' dir='ltr' id='par_1_10' title="bbox 338 2575 426 2634">
     <span class='ocr_line' id='line_1_32' title="bbox 338 2575 426 2634; baseline 0.057 -4"><span class='ocrx_word' id='word_1_216' title='bbox 338 2575 426 2634; x_wconf 86' lang='lat'><strong>458</strong></span> 
     </span>
    </p>
   </div>
  </div>
 </body>
</html>
