1940 2998
593 187 837 233 l‘LlNY:
902 187 1232 233 NATURAL
1278 186 1574 233 HISTORY

344 319 483 362 tenui
534 315 650 360 folio
698 316 936 377 brevique
991 323 1043 360 ot
1094 318 1284 360 virente
1335 331 1534 377 semper
1591 317 1823 361 vestiens.

247 408 317 447 141
346 402 444 448 duo
485 419 672 464 genera
714 418 912 447 earum:
972 409 1110 446 meta
1151 404 1200 445 in
1242 401 1496 463 fastigium
1545 401 1826 457 convoluta,

345 505 473 550 quae
517 496 569 535 et
611 487 798 534 femina
840 487 1149 551 appellatur3
1208 504 1313 533 mas
1355 490 1547 550 spargit
1589 494 1733 533 extra
1772 504 1826 535 se

343 592 504 621 ramos
569 575 945 638 deputaturque
1012 581 1065 620 et
1129 577 1311 637 accipit
1375 577 1544 620 vitem.
1612 581 1826 637 utraque

344 669 516 707 autem
547 664 837 707 immittitur
866 664 915 706 in
944 664 1163 724 perticas
1195 676 1446 706 asseresve
1479 664 1825 724 amputatione

343 765 610 803 ramorum,
653 751 736 810 qui
779 763 869 793 xm
911 764 1040 792 anno
1081 747 1298 793 denariis
1335 746 1539 809 singulis
1587 754 1826 802 veneunt,

344 837 783 897 quaestuosissima
832 837 880 878 in
931 841 1068 880 satus
1117 836 1312 879 ratione
1361 832 1510 887 silva;
1576 833 1824 896 vulgoque

343 921 516 967 dotem
548 921 676 966 filiae
710 924 901 982 antiqui
932 920 1181 983 plantaria
1212 936 1273 965 ea
1304 919 1643 982 appellabant.
1714 919 1826 966 huic

342 1011 507 1070 patria
527 1007 685 1052 insula
706 1007 875 1062 Creta,
896 1023 1201 1069 quamquam
1223 1006 1349 1051 Cato
1368 1005 1693 1051 Tarentinam
1714 1023 1824 1052 eam

343 1093 581 1157 appellat,
629 1094 796 1149 eredo,
845 1093 978 1155 quod
1024 1096 1241 1156 primum
1290 1109 1350 1138 eo
1399 1095 1607 1138 venerit.
1677 1100 1729 1138 et
1776 1096 1824 1138 in

244 1186 322 1226 142
346 1182 564 1225 Aenaria
584 1184 771 1226 succisa
789 1183 1124 1242 regerminat3
1161 1179 1249 1225 sed
1269 1182 1318 1224 in
1339 1178 1490 1225 Creta
1510 1195 1825 1241 quocumque

343 1271 392 1312 in
417 1267 524 1312 1000
548 1275 736 1313 terram
758 1270 969 1312 moverit
996 1269 1260 1328 quispiam,
1286 1269 1394 1311 nisu
1416 1265 1432 1294 ¹
1460 1265 1673 1311 naturali
1699 1265 1825 1312 haec

342 1358 565 1417 gignitur
619 1356 948 1417 protinusque
995 1356 1195 1408 emicat,
1240 1352 1321 1397 illa
1366 1369 1481 1398 vero
1526 1356 1680 1397 etiam
1728 1369 1825 1398 non

344 1441 596 1504 appellato
652 1441 755 1486 solo
812 1457 868 1486 ac
925 1447 1123 1503 sponte,
1179 1443 1497 1500 maximeque
1556 1442 1605 1484 in
1664 1439 1826 1485 Idaeis

343 1529 595 1573 montibus
635 1536 687 1573 et
726 1544 848 1589 quos
888 1527 1040 1572 Albos
1081 1534 1260 1571 vocant
1299 1528 1603 1587 summisque
1642 1529 1692 1571 in
1729 1526 1826 1571 iis2

345 1616 477 1660 unde
501 1631 775 1677 numquam
798 1618 934 1659 nives
958 1615 1140 1659 absunt
1160 1613 1392 1676 plurima,
1416 1612 1549 1674 quod
1571 1615 1824 1668 miremur,

349 1702 462 1747 alibi
497 1719 593 1747 non
628 1705 717 1746 nisi
750 1705 799 1746 in
830 1708 1007 1764 tepore
1038 1703 1334 1763 proveniens
1367 1706 1419 1745 et
1451 1701 1616 1745 nivem
1642 1716 1825 1762 magno

343 1806 493 1851 opere
519 1788 793 1834 fastidiens.

244 1882 321 1921 143
409 1875 542 1921 LXI.
583 1875 687 1920 Nee
725 1883 890 1920 terrae
930 1881 1130 1920 tantum
1170 1882 1349 1920 natura
1387 1876 1515 1919 eirca
1549 1872 1636 1919 has
1669 1873 1825 1919 refert

344 1969 430 2008 aut
465 1969 713 2025 perpetua
748 1962 889 2016 caeli,
927 1978 1098 2006 verum
1136 1968 1188 2006 et
1234 1959 1481 2022 quaedam
1524 1963 1824 2022 temporaria

343 2052 441 2094 vis:
485 2049 667 2094 imbres
705 2047 905 2110 aliqua3
934 2047 1232 2110 plerumque
1265 2049 1456 2091 semina
1493 2044 1744 2100 adferunt,
1771 2054 1824 2092 et

342 2142 480 2181 certo
506 2134 667 2181 fluunt
692 2151 898 2197 genere,
923 2133 1190 2196 aliquando
1217 2137 1370 2178 etiam
1396 2135 1666 2195 incognit0‚
1692 2132 1822 2194 quod

343 2221 521 2267 accidit
555 2222 860 2285 Cyrenaicae
892 2223 1102 2283 regioni,
1134 2237 1246 2264 cum
1277 2222 1494 2282 primum
1525 2219 1592 2263 ibi
1624 2218 1823 2282 laserpi-

651 2379 663 2402 ¹
696 2377 960 2417 Salmasius:
994 2378 1086 2416 nisi.

649 2433 662 2454 ²
697 2432 931 2470 Rackham:
965 2431 1041 2469 his.

651 2486 665 2508 ³
698 2484 915 2536 Maylzoff:
948 2483 1149 2522 imbrium
1171 2495 1308 2534 aquae
1329 2487 1400 2521 aut
1420 2481 1521 2521 alia.

341 2573 431 2628 480
