1909 2998
258 2128 309 2164 56

597 186 840 232 PLINY:
905 186 1234 233 NATURAL
1279 187 1575 234 HISTORY

342 321 478 360 terra
507 317 682 377 generi
712 317 946 377 rigorque
977 314 1266 370 indomitus,
1299 318 1486 377 quippe
1517 332 1631 362 cum
1665 314 1825 361 Muci—

342 430 464 460 anus
514 421 595 461 ter
643 414 814 461 consul
866 430 928 460 ex
979 417 1036 460 iis
1089 418 1173 477 qui
1225 418 1510 477 nuperrime
1560 414 1824 477 prodidere

341 518 583 561 sextarios
618 514 836 577 singulos
873 518 1062 561 octonis
1099 531 1261 577 aquae
1294 518 1491 561 misceri
1524 518 1824 577 compererit

340 630 576 676 praesens
618 617 669 660 in
712 631 771 660 eo
811 622 997 670 tractu,
1041 631 1149 661 esse
1191 622 1364 662 autem
1404 614 1568 661 colore
1611 618 1825 678 nigrum,

341 715 622 770 odoratum,
641 722 898 761 vetustate
917 718 1262 778 pinguescere.

405 815 472 861 Et
492 814 742 871 Pramnio,
763 816 897 878 quod
920 816 1056 862 idem
1081 815 1330 861 Homerus
1351 815 1642 871 celebravit,
1668 818 1823 862 etiam

341 932 470 962 nunc
499 915 654 962 honos
684 916 849 963 durat.
917 920 1140 963 nascitur
1169 916 1416 979 Zmyrnae
1446 919 1651 979 regione
1683 919 1824 962 iuxta

341 1016 605 1062 delubrum
634 1016 816 1063 Matris
842 1017 1010 1063 deum.

406 1116 464 1162 In
490 1117 689 1179 reliquis
714 1117 914 1164 claritas
940 1121 1113 1180 generi
1139 1134 1239 1163 non
1263 1117 1359 1163 fuit
1386 1116 1548 1172 alicui,
1574 1133 1704 1163 anno
1728 1116 1823 1163 fuit

340 1220 561 1264 omnium
590 1234 834 1280 generum
868 1219 1099 1264 bonitate
1137 1217 1194 1264 L.
1232 1217 1433 1279 Opimio
1467 1234 1585 1272 cos.,
1619 1234 1733 1263 cum
1768 1217 1822 1264 C.

341 1317 593 1364 Gracchus
661 1319 890 1365 tribunus
960 1318 1162 1380 plebem
1231 1318 1558 1364 seditionibus
1628 1321 1824 1381 agitans

339 1422 672 1481 interemptus
699 1426 804 1465 est:
847 1435 908 1465 ea
931 1419 1058 1465 caeli
1080 1422 1352 1482 temperies
1382 1418 1521 1465 fulsit
1550 1418 1824 1481 (cocturam

340 1520 556 1581 vocant),
597 1519 710 1566 solis
747 1535 914 1581 opere,
957 1519 1115 1566 natali
1153 1519 1287 1565 urbis
1325 1534 1574 1565 Dcxxxnlz
1621 1519 1825 1565 durant-

340 1636 438 1682 que
476 1619 637 1666 adhuc
675 1623 789 1666 vina
831 1637 891 1666 ea
932 1636 987 1666 cc
1028 1620 1134 1666 fere
1181 1623 1339 1675 annis,
1375 1623 1477 1665 iam
1513 1623 1565 1665 in
1607 1623 1823 1682 speciem

341 1720 545 1766 redacta
578 1720 738 1766 mellis
773 1724 963 1782 asperi:
1017 1723 1208 1766 etenim
1242 1719 1368 1766 haec
1402 1728 1584 1766 natura
1617 1723 1740 1766 vinis
1773 1723 1824 1766 in

340 1828 595 1866 vetustate
633 1829 737 1875 est3
771 1837 862 1867 nec
898 1824 1061 1883 potari
1097 1837 1187 1883 per
1225 1837 1278 1866 se
1316 1828 1504 1883 queant
1542 1823 1824 1882 pervincive

340 1937 487 1982 aqua,
525 1938 683 1983 usque
734 1924 785 1967 in
827 1921 1216 1967 amaritudinem
1254 1924 1387 1966 carie
1438 1921 1699 1976 indomita,
1736 1921 1824 1967 sed

338 2025 518 2067 ceteris
556 2025 677 2067 vinis
713 2021 1125 2068 commendandis
1162 2024 1369 2067 minima
1405 2021 1571 2084 aliqua
1606 2024 1823 2068 mixtura

340 2121 712 2167 medicamenta
757 2130 888 2169 sunt.
959 2122 1092 2184 quod
1138 2129 1195 2168 ut
1241 2125 1346 2168 eius
1391 2125 1631 2183 temporis
1677 2125 1823 2167 aesti—

340 2225 562 2267 matione
591 2225 641 2267 in
670 2222 889 2285 singulas
920 2221 1185 2283 amphoras
1215 2224 1416 2268 centeni
1446 2225 1637 2268 nummi
1664 2230 1824 2268 statu-

341 2329 505 2377 antur,
538 2338 599 2367 ex
625 2321 698 2368 his
730 2330 905 2368 tamen
925 2323 943 2352 1
975 2339 1124 2368 usura
1156 2322 1490 2384 multiplicata
1521 2323 1822 2378 semissibus,

855 2469 871 2494 ¹
900 2472 1075 2508 tantum
1099 2468 1303 2519 Mayhoff.

347 2586 431 2617 222
