1909 2998
554 170 762 217 PLINY
787 186 798 216 :
862 168 1191 216 NATURAL
1236 166 1532 214 HISTORY

223 310 275 347 98
371 298 613 346 XXVIII.
652 297 804 343 Aliud
823 313 999 360 corpus
1027 303 1104 342 est
1122 295 1442 341 terrestribus
1462 293 1631 357 fragis,
1648 293 1783 340 aliud

307 392 575 453 congeneri
606 404 777 434 eorum
802 386 1037 441 unedoni,
1063 385 1196 448 quod
1220 384 1378 431 solum
1409 401 1615 448 pomum
1639 383 1783 430 simul

311 498 337 527 e
358 480 377 509 1
409 479 590 526 frutice
623 485 858 540 terraque
890 479 1128 540 gignitur.
1197 475 1342 521 arbor
1375 477 1483 538 ipsa
1521 473 1784 528 fruticosa3

311 570 499 616 fructus
525 585 654 614 anno
679 569 988 623 maturescit,
1004 569 1294 630 pariterque
1313 564 1459 611 floret
1483 564 1785 611 subnascens

312 667 364 707 et
398 662 531 723 prior
565 661 810 721 coquitur.
877 673 983 702 mas
1022 659 1087 702 sit
1122 673 1186 701 an
1220 654 1408 701 femina
1440 654 1621 701 sterilis
1655 657 1787 700 inter

226 758 279 797 99
310 757 537 796 auctores
585 765 684 794 non
729 754 942 794 constat.
1009 763 1215 810 pomum
1261 744 1574 800 inhonorum,
1606 751 1664 791 ut
1709 746 1787 791 cui

312 856 495 887 nomen
520 856 582 885 ex
602 845 899 901 argumento
924 840 988 883 sit
1007 853 1163 883 unum
1181 843 1382 882 tantum
1402 835 1601 882 edendi.
1668 834 1789 881 duo-

313 931 404 976 bus
429 937 602 976 tamen
626 928 700 974 his
721 927 740 956 2
760 927 1040 973 nominibus
1063 925 1318 990 appellant
1340 925 1536 981 Graeci,
1555 941 1788 971 comaron

315 1029 368 1068 et
400 1018 763 1082 memaecylon,
798 1035 896 1081 quo
931 1023 1143 1080 apparet
1176 1016 1395 1063 totidem
1429 1032 1537 1062 esse
1572 1029 1788 1078 genera3

315 1117 369 1157 et
415 1109 550 1174 apud
595 1125 683 1154 nos
728 1108 823 1154 alio
870 1110 1071 1153 nomine
1120 1107 1326 1153 arbutus
1374 1112 1594 1152 vocatur.
1665 1104 1790 1150 Iuba

315 1207 487 1246 auctor
528 1205 605 1246 est
647 1201 1056 1261 quinquagenum
1097 1197 1378 1243 cubitorum
1421 1195 1689 1242 altitudine
1739 1197 1788 1240 in

318 1291 504 1336 Arabia
529 1306 636 1335 esse
663 1305 763 1335 eas.

212 1388 288 1426 100
369 1379 558 1425 XXIX.
599 1379 870 1424 Acinorum
912 1394 1111 1441 quoque
1154 1393 1338 1440 magna
1380 1382 1457 1423 est
1490 1374 1792 1431 differentia,

308 1473 524 1534 primum
543 1472 674 1514 inter
690 1485 809 1514 uvas
828 1471 959 1531 ipsas
975 1467 1117 1523 callo,
1133 1470 1427 1522 teneritate,
1443 1465 1792 1521 crassitudine,

312 1563 548 1606 interiore
581 1559 716 1621 ligno
753 1558 859 1604 aliis
892 1574 1047 1621 parvo
1073 1564 1126 1604 et
1151 1557 1257 1603 aliis
1283 1559 1439 1603 etiam
1463 1558 1682 1619 gemino,
1707 1558 1792 1618 qui

313 1652 515 1696 minime
573 1648 764 1694 feraces
822 1651 989 1694 musti.
1055 1647 1325 1711 plurimum
1382 1663 1499 1693 vero
1557 1644 1794 1692 differunt

313 1739 531 1786 hederae
574 1740 843 1801 sabucique
895 1740 1038 1793 acini,
1089 1743 1141 1783 et
1192 1737 1351 1800 figura
1400 1739 1554 1783 etiam
1605 1733 1794 1790 Punici,

316 1829 539 1892 angulosi
570 1832 754 1892 quippe
785 1828 890 1884 soli,
941 1844 1032 1873 nec
1062 1830 1189 1873 cutis
1226 1827 1326 1872 ulla
1361 1826 1564 1889 singulis
1592 1832 1796 1889 praeter

316 1936 633 1966 communem
682 1935 810 1980 quae
859 1925 936 1964 est
983 1917 1212 1963 candida.
1280 1919 1501 1979 totisque
1549 1932 1694 1962 sucus
1743 1921 1796 1961 et

316 2026 429 2055 earo
453 2016 547 2064 est,
569 2007 644 2053 his
665 2011 936 2071 praecipue
962 2008 1140 2070 quibus
1162 2007 1421 2070 parvolum
1443 2010 1575 2052 inest
1597 2006 1732 2069 ligni.

223 2106 292 2145 101
383 2098 574 2161 Magna
615 2105 667 2144 et
708 2099 843 2143 bacis
884 2097 1194 2143 differentia:
1254 2097 1380 2142 aliae
1422 2113 1638 2159 namque
1680 2102 1797 2142 sunt

318 2188 471 2244 olivis,
507 2188 655 2233 lauris
693 2195 745 2233 et
782 2188 877 2233 alio
914 2187 1063 2232 modo
1099 2187 1219 2242 loto,
1256 2189 1432 2242 cornis,
1470 2186 1566 2231 alio
1603 2188 1796 2250 myrtis,

741 2294 757 2318 1
788 2294 916 2332 simul
936 2307 958 2332 e
979 2293 1176 2344 Mayhoff
1189 2307 1198 2333 ε
1228 2293 1378 2332 simile.

737 2348 753 2371 ²
782 2347 834 2386 M
836 2346 979 2397 ayhoff
993 2362 1001 2386 :
1033 2347 1100 2385 hic
1120 2351 1193 2385 aut
1213 2346 1305 2385 hoc.

770 2507 787 2525 ⁴²
822 2500 962 2540 Unedo
983 2499 1091 2538 from
1109 2512 1243 2538 unum
1263 2499 1346 2539 edo.

324 2578 412 2637 356
