1940 2998
241 342 317 380 147

238 860 314 898 148

594 207 838 253 PLlNY:
903 207 1232 253 NATURAL
1278 206 1574 253 HISTORY

344 337 498 397 nigra.
569 335 712 380 alicui
744 342 797 381 et
826 352 997 380 semen
1030 338 1243 396 nigrum,
1274 334 1355 379 alii
1384 340 1656 390 crocatum,
1685 336 1822 381 cuius

344 425 534 467 coronis
577 429 761 484 poetae
807 429 1035 475 utuntur,
1080 420 1206 466 foliis
1251 423 1412 466 minus
1458 423 1626 483 nigris,
1672 437 1823 483 quam

345 508 547 569 quidam
602 508 825 570 Nysiam,
877 507 956 552 alii
1016 506 1308 552 Bacchicam
1353 514 1550 562 vocant,
1595 510 1824 553 maximis

343 597 474 640 inter
499 597 662 656 nigras
687 594 948 657 corymbis.
1018 593 1221 655 quidam
1247 593 1381 656 apud
1406 592 1623 639 Graecos
1649 597 1824 640 etiam-

344 697 462 726 num
509 681 607 726 duo
652 697 839 743 genera
884 678 1028 725 huius
1061 679 1252 726 faciunt
1285 696 1313 724 a
1344 679 1506 725 colore
1553 683 1823 736 acinorum,

344 766 668 830 erythranum
694 774 746 813 et
771 766 1169 830 chrysocarpum.

406 851 664 899 Plurumas
694 860 867 899 autem
895 852 1051 899 habet
1076 851 1382 899 differentias
1406 852 1559 908 helix,
1585 857 1818 916 quoniam

342 939 458 985 folio
497 943 714 986 maxime
754 940 924 986 distat.
991 956 1145 1003 parva
1183 947 1300 985 sunt
1339 947 1392 986 et
1431 940 1671 1002 angulosa
1708 957 1823 986 con-

341 1029 678 1089 cinnioraque,
704 1043 817 1072 cum
842 1026 1145 1089 reliquorum
1170 1043 1414 1089 generum
1440 1026 1682 1090 simplicia
1707 1030 1820 1074 sint.

342 1113 496 1159 distat
518 1121 570 1159 et
591 1113 905 1176 longitudine
926 1113 1340 1168 internodiorum,
1358 1116 1629 1176 praecipue
1651 1121 1823 1160 tamen

342 1200 625 1256 sterilitate,
675 1203 910 1262 quoniam
959 1199 1176 1246 fructum
1225 1216 1325 1245 non
1371 1203 1549 1262 gignit.
1619 1200 1822 1262 quidam

341 1286 433 1332 hoc
468 1290 650 1333 aetatis
687 1304 813 1342 esse,
848 1304 948 1332 non
983 1290 1181 1349 generis
1218 1289 1526 1342 existimant,
1560 1290 1821 1349 primoque

237 1380 312 1419 149
336 1372 548 1420 helicem
577 1390 704 1429 esse,
733 1373 839 1420 fieri
868 1373 1109 1420 hederam
1138 1380 1412 1420 vetustate.
1481 1372 1658 1419 horum
1689 1391 1823 1420 error

341 1459 635 1506 manifestus
660 1460 989 1523 intellegitur,
1015 1463 1250 1522 quoniam
1275 1459 1445 1506 helicis
1468 1459 1612 1523 plura
1635 1477 1822 1522 genera

340 1550 673 1609 reperiuntur,
705 1547 793 1593 sed
824 1550 921 1592 tria
950 1550 1168 1592 maxime
1199 1549 1439 1609 insignia:
1488 1546 1736 1593 herbacea
1766 1564 1822 1593 ac

340 1637 500 1679 virens
534 1651 662 1696 quae
693 1634 907 1696 plurima
939 1641 1034 1689 est,
1067 1634 1225 1679 altera
1256 1633 1470 1679 candido
1502 1632 1637 1689 folio,
1669 1637 1821 1679 tertia

339 1720 633 1775 versicolori,
658 1737 786 1783 quae
811 1720 1021 1766 Thracia
1045 1728 1263 1766 vocatur.
1333 1723 1610 1766 etiamnum
1645 1719 1822 1766 herba-

339 1823 459 1852 ceae
478 1810 707 1853 tenuiora
727 1806 844 1852 folia
864 1814 916 1853 et
938 1810 988 1852 in
1008 1807 1233 1853 ordinem
1253 1807 1451 1870 digesta
1473 1806 1821 1870 densioraque,

240 1901 314 1938 150
339 1897 388 1938 in
422 1893 517 1939 alio
550 1910 737 1956 genere
771 1894 967 1939 diversa
1000 1898 1193 1947 omnia3
1245 1900 1297 1939 et
1330 1896 1381 1938 in
1414 1893 1693 1939 versicolori
1726 1893 1821 1938 alia

236 2333 307 2371 151

340 1981 648 2025 tenuioribus
672 1979 799 2026 foliis
823 1988 876 2026 et
898 1980 1126 2025 similiter
1147 1979 1386 2025 ordinatis
1409 1979 1819 2042 densioribusque

341 2073 435 2121 est,
488 2066 632 2112 alteri
691 2069 865 2129 generi
924 2066 1157 2129 neglecta
1215 2065 1339 2111 haec
1397 2068 1578 2123 omnia,
1633 2069 1820 2112 maiora

341 2169 539 2215 quoque
571 2159 659 2198 aut
689 2155 881 2198 minora
912 2160 1028 2198 sunt
1059 2151 1176 2197 folia
1206 2152 1612 2214 macularumque
1643 2150 1819 2198 habitu

339 2239 557 2293 distant3
612 2247 665 2285 et
701 2242 752 2284 in
788 2239 1011 2285 candidis
1049 2239 1145 2284 alia
1182 2238 1326 2284 aliis1
1363 2245 1480 2284 sunt
1516 2238 1817 2285 candidiora.

336 2325 577 2372 adulescit
599 2329 649 2370 in
672 2326 1038 2389 longitudinem
1060 2329 1277 2371 maxime
1300 2324 1576 2380 herbacea3
1618 2326 1817 2371 arbores

841 2485 855 2507 ยน
887 2483 979 2522 aliis
998 2483 1092 2522 add.
1115 2483 1338 2523 Racklzam.

336 2580 426 2636 484
