1909 2998
228 873 281 913 32

228 1622 279 1660 33

567 203 813 249 PLINY:
876 201 1208 249 NATURAL
1254 200 1552 248 HISTORY

314 333 518 377 summis
550 331 806 377 arboribus
837 329 1048 376 fertilior
1078 336 1172 385 est,
1204 329 1379 375 visulla
1409 331 1548 383 imis;
1597 346 1800 391 quamo-

314 439 455 484 brem
479 441 608 484 circa
633 438 837 484 easdem
861 445 1002 484 satae
1027 437 1323 483 diversitate
1347 443 1560 483 naturae
1584 435 1801 500 locuple-

314 552 443 591 tant.
512 545 827 592 inerticulam
869 562 897 592 e
938 548 1091 608 nigris
1133 543 1469 608 appellavere,
1509 545 1686 590 iustius
1727 560 1802 590 so-

315 653 474 699 briam
505 652 704 708 dicturi,
734 655 1019 699 inveterato
1048 654 1319 715 praecipue
1350 650 1801 698 commendabilem

315 763 427 805 vino
447 760 536 806 sed
556 761 739 806 viribus
760 762 1034 816 innoxiam,
1054 759 1303 822 siquidem
1323 757 1677 805 temulentiam
1698 757 1802 805 sola

314 884 413 913 non
478 866 614 913 facit.
682 866 918 913 fertilitas
981 866 1304 913 commendat
1366 872 1562 912 ceteras
1623 867 1802 929 princi-

313 991 531 1038 pemque
584 973 961 1020 helvennacam.
1030 973 1130 1020 duo
1183 976 1289 1019 eius
1342 988 1559 1036 genera:
1628 975 1802 1028 maior,

315 1098 466 1143 quam
491 1081 696 1144 quidam
717 1080 937 1144 longam,
959 1083 1120 1126 minor
1142 1097 1293 1143 quam
1317 1096 1572 1126 emarcum
1591 1079 1611 1108 1
1633 1079 1802 1143 appel-

314 1187 438 1243 lant,
467 1205 567 1233 non
594 1195 701 1233 tam
729 1187 999 1234 fecundam
1027 1187 1118 1234 sed
1145 1189 1421 1250 gratiorem
1448 1185 1661 1240 haustu3
1706 1185 1802 1232 dis—

313 1297 535 1341 cernitur
593 1294 711 1341 folio
769 1297 1026 1351 circinato,
1085 1311 1259 1341 verum
1317 1301 1532 1357 utraque
1590 1293 1800 1356 gracilis.

314 1401 476 1448 furcas
522 1402 736 1448 subdere
780 1405 839 1448 iis
884 1404 1237 1457 necessarium,
1284 1401 1467 1464 alioqui
1512 1401 1802 1447 ubertatem

313 1525 454 1555 suam
519 1526 617 1554 non
681 1508 917 1555 tolerant.
987 1511 1240 1554 maritimo
1305 1507 1495 1555 adflatu
1559 1507 1804 1571 gaudent,

311 1616 503 1662 roscida
547 1616 715 1662 odere.
785 1615 920 1662 nulla
966 1618 1143 1662 vitium
1188 1618 1352 1662 minus
1401 1615 1602 1661 Italiam
1647 1622 1802 1671 amat,

311 1740 439 1779 rara,
480 1739 651 1784 parva,
686 1730 982 1786 putrescens
1030 1726 1082 1768 in
1130 1739 1208 1779 ea,
1257 1725 1372 1768 vino
1420 1739 1620 1785 quoque
1669 1722 1802 1785 quod

310 1833 488 1893 genuit
513 1838 764 1876 aestatem
788 1847 888 1877 non
914 1845 1226 1894 exuperans3
1269 1847 1362 1876 nec
1387 1829 1485 1876 alia
1508 1846 1676 1876 macro
1699 1829 1802 1876 solo

312 1937 614 1983 familiarior.
685 1938 978 1993 Graecinus,
995 1940 1079 2000 qui
1097 1937 1282 2000 alioqui
1299 1937 1584 1983 Cornelium
1602 1936 1801 1983 Celsum

311 2048 641 2108 transcripsit,
675 2046 948 2091 arbitratur
979 2061 1078 2091 non
1112 2052 1346 2091 naturam
1380 2048 1485 2091 eius
1517 2061 1800 2108 repugnare

314 2152 491 2198 Italiae
519 2152 608 2198 sed
635 2152 882 2198 culturam
910 2152 1054 2198 avide
1082 2151 1317 2215 palmites
1346 2154 1691 2206 evocantium3
1736 2152 1800 2198 ob

312 2259 363 2305 id
407 2259 673 2305 fertilitate
720 2276 809 2304 sua
855 2260 1066 2314 absumi,
1113 2262 1153 2304 si
1199 2276 1298 2304 non
1343 2261 1665 2322 praepinguis
1711 2259 1798 2305 soli

314 2367 517 2412 ubertas
567 2365 923 2411 lassescentem
975 2368 1238 2411 sustineat.
1307 2365 1664 2412 carbunculare
1714 2381 1800 2412 ne-

649 2512 664 2535 1
695 2511 920 2551 Hardouin
939 2524 959 2551 e
980 2511 1236 2551 Columella:
1269 2522 1476 2552 marcum.

317 2588 405 2632 206
