1909 2998
198 491 245 529 61

195 1107 247 1145 62

193 1878 244 1916 63

535 202 780 249 PLINY:
844 202 1175 250 NATURAL
1220 203 1518 251 HISTORY

283 330 487 393 quidam
525 338 578 377 et
613 334 663 376 in
705 331 876 377 insulis
916 330 1094 377 melius
1133 337 1320 394 putant
1363 332 1531 395 gigni,'
1557 332 1684 380 Iuba
1718 336 1769 379 in

282 408 452 453 insulis
475 415 631 470 negat
655 411 806 453 nasci.

347 485 495 543 Quod
518 503 579 532 ex
603 503 663 532 eo
685 486 1000 532 rotunditate
1023 493 1204 549 guttae
1225 486 1472 551 pependit
1493 487 1769 534 masculum

281 579 532 618 vocamus,
568 579 682 609 cum
720 562 840 608 alias
878 579 977 608 non
1016 562 1122 608 fere
1160 579 1266 609 mas
1304 570 1512 610 vocetur
1548 565 1634 610 ubi
1669 582 1768 611 non

281 642 347 686 sit
379 638 595 694 femina3
645 639 876 703 religioni
908 640 1156 686 tributum
1190 656 1254 686 ne
1287 656 1437 686 sexus
1471 640 1599 687 alter
1631 658 1769 688 usur-

279 723 501 780 paretur.
569 716 845 762 masculum
882 716 1035 779 aliqui
1069 723 1256 780 putant
1292 733 1322 762 a
1355 720 1524 780 specie
1559 721 1768 765 testium

280 793 488 839 dictum.
556 796 829 857 praecipua
852 800 1025 839 autem
1048 796 1215 856 gratia
1237 800 1316 840 est
1337 810 1632 851 mammoso‚
1655 812 1768 841 cum

280 869 523 916 haerente
563 870 768 917 lacrima
804 873 970 934 priore
1010 877 1282 916 consecuta
1321 870 1419 916 alia
1457 874 1657 918 miscuit
1696 889 1766 919 se.

280 947 475 1010 singula
523 946 648 993 haec
696 964 903 993 manum
951 946 1143 1010 inplere
1194 947 1341 993 solita
1389 950 1606 1001 invenio,
1654 965 1767 995 cum

279 1026 469 1070 minore
522 1024 804 1087 deripiendi
855 1023 1099 1070 aviditate
1151 1023 1336 1070 lentius
1389 1027 1525 1070 nasci
1575 1024 1765 1072 liceret.

281 1100 462 1147 Graeci
502 1104 768 1164 stagonian
810 1108 864 1147 et
904 1108 1130 1147 atomum
1170 1101 1262 1147 tali
1301 1101 1452 1147 modo
1493 1101 1767 1165 appellant,

278 1180 523 1224 minorem
579 1185 752 1224 autem
808 1178 1041 1232 orobian;
1115 1181 1269 1224 micas
1325 1195 1567 1224 concussu
1622 1179 1766 1226 elisas

278 1272 516 1301 mannam
569 1272 818 1301 vocamus.
887 1258 1168 1301 etiamnum
1220 1262 1394 1301 tamen
1446 1258 1768 1303 inveniuntur

278 1339 458 1395 guttae
496 1349 625 1395 quae
664 1335 871 1378 tertiam
907 1340 1107 1396 partem
1143 1335 1329 1388 minae,
1364 1331 1457 1378 hoc
1492 1340 1570 1378 est
1609 1348 1764 1380 xxvm

278 1409 598 1455 denariorum
624 1409 838 1473 pondus,
868 1417 1105 1472 aequent.
1175 1409 1466 1455 Alexandro
1496 1409 1689 1473 Magno
1715 1413 1766 1456 in

277 1489 496 1551 pueritia
531 1489 638 1533 sine
672 1489 977 1550 parsimonia
1011 1493 1127 1532 tura
1162 1488 1415 1549 ingerenti
1451 1489 1546 1532 aris
1580 1487 1766 1550 paeda-

277 1580 436 1626 gogus
468 1562 717 1609 Leonides
748 1563 948 1609 dixerat
978 1570 1035 1610 ut
1064 1563 1147 1609 illo
1177 1562 1326 1609 modo
1356 1580 1470 1608 cum
1499 1562 1766 1610 devicisset

277 1640 511 1687 turiferas
539 1648 721 1704 gentes
751 1640 1086 1705 supplicaret3
1133 1647 1187 1687 at
1216 1640 1297 1686 ille
1328 1641 1546 1687 Arabiae
1573 1643 1765 1704 potitus

277 1725 390 1763 ture
426 1725 658 1764 onustam
693 1735 874 1764 navem
909 1720 1046 1764 misit
1088 1720 1135 1764 ei
1171 1716 1501 1763 exhortatusl
1535 1724 1593 1764 ut
1626 1717 1764 1781 large

276 1794 397 1840 deos
423 1795 670 1841 adoraret.

339 1871 439 1917 Tus
470 1871 737 1918 collectum
769 1871 1009 1917 Sabotam
1040 1871 1244 1917 camelis
1276 1869 1587 1926 convehitur,
1619 1878 1765 1933 porta

277 1948 341 1994 ad
362 1949 412 1995 id
434 1966 533 1994 una
552 1956 766 2013 patente
784 1964 796 2003 3
836 1948 1047 2012 degredi
1068 1951 1147 1994 via
1167 1947 1353 2012 capital
1373 1964 1519 2011 reges
1540 1946 1560 1977 ²
1579 1947 1761 1995 fecere.

671 2066 683 2089 1
722 2065 799 2104 VJ.
823 2066 939 2103 misit
959 2070 1003 2104 et
1022 2065 1277 2104 exhortatus
1297 2069 1376 2104 est.

673 2119 688 2142 ²
725 2119 802 2158 VJ.
822 2119 947 2170 leges

337 2273 355 2291 ‘²
384 2267 533 2306 Under
544 2267 618 2306 the
632 2266 752 2306 Attio
765 2271 928 2317 system
941 2266 1135 2305 ascribed
1151 2270 1196 2305 to
1209 2265 1339 2305 Solon
1352 2265 1426 2305 the
1440 2265 1558 2305 mina
1570 2265 1762 2316 weighed

282 2323 361 2360 440
379 2334 616 2371 grammes3
646 2320 721 2359 the
741 2320 858 2359 mina
879 2320 1108 2358 contained
1128 2322 1205 2359 100
1219 2319 1551 2365 drachmae,and
1570 2319 1762 2359 drachma

284 2376 316 2413 is
334 2374 607 2425 represented
630 2374 672 2412 in
692 2374 821 2412 Latin
843 2373 900 2424 by
921 2373 1133 2419 denarius,
1155 2373 1234 2412 but
1256 2372 1381 2424 Pliny
1401 2372 1500 2412 here
1520 2373 1668 2412 makes
1687 2373 1762 2412 the

282 2428 397 2466 mina
415 2427 541 2477 equal
558 2432 605 2466 to
624 2429 673 2465 84
692 2426 870 2465 denarii.

333 2481 348 2505 ὓ
378 2481 436 2519 As
458 2494 483 2519 a
503 2485 665 2520 matter
691 2480 735 2519 of
762 2480 853 2519 fact
879 2479 935 2518 all
963 2479 1063 2518 that
1091 2478 1338 2519 Alexander
1364 2479 1439 2519 did
1468 2492 1555 2518 was
1579 2484 1626 2518 to
1647 2479 1758 2518 have

282 2535 442 2574 Arabia
462 2534 608 2586 partly
631 2533 1046 2584 circumnavigated.

273 2627 331 2669 44
