1909 2998
245 1132 297 1169 48

243 1636 296 1674 49

239 2336 292 2374 50

585 188 830 234 PLINY:
892 187 1221 233 NATURAL
1266 188 1561 235 HISTORY

333 320 526 380 patriae
570 318 786 362 nomine.
854 330 1015 377 aeque
1057 317 1323 378 peregrina
1365 322 1481 361 sunt
1524 315 1714 380 zizipha
1755 323 1809 363 et

333 419 555 473 tuberes,
584 433 713 479 quae
742 422 794 462 et
821 418 929 478 ipsa
955 432 1053 461 non
1079 415 1275 478 pridem
1303 432 1484 462 venere
1513 419 1562 462 in
1592 416 1808 474 Italiam,

332 518 457 564 haec
488 534 551 564 ex
581 516 769 572 Africa,
799 515 882 561 illa
912 532 974 561 ex
1005 515 1160 578 Syria.
1229 515 1342 562 Sex.
1376 514 1627 580 Papinius,
1657 533 1806 580 quem

329 618 582 666 consulem
648 617 875 672 vidimus,
939 619 1126 680 primus
1194 623 1406 679 utraque
1474 617 1645 664 attulit
1710 618 1807 665 divi

331 721 550 783 Augusti
581 720 858 765 novissimis
889 718 1199 781 temporibus
1231 720 1281 763 in
1312 720 1485 764 castris
1517 706 1643 774 sata,
1673 719 1808 766 bacis

329 820 563 867 similiora
627 835 778 882 quam
840 817 1000 872 malis,
1062 817 1152 864 sed
1215 819 1481 881 aggeribus
1542 822 1807 882 praecipue

328 922 526 976 decora,
568 922 804 983 quoniam
848 925 901 965 et
942 921 992 964 in
1033 925 1175 964 tecta
1215 921 1313 964 iam
1355 919 1505 965 silvae
1546 919 1806 966 scandunt.

328 1023 563 1069 tuberum
591 1020 690 1067 duo
718 1036 924 1083 genera,
962 1019 1231 1066 candidum
1260 1026 1313 1066 et
1341 1036 1370 1065 a
1396 1019 1558 1067 colore
1585 1019 1807 1084 Syricum

329 1123 535 1170 dictum.
602 1137 766 1185 paene
801 1122 1070 1184 peregrina
1105 1127 1220 1166 sunt
1256 1122 1306 1165 in
1342 1137 1440 1166 uno
1477 1120 1653 1168 Italiae
1689 1139 1808 1185 agro

327 1223 618 1270 Veroniensi
644 1224 903 1268 nascentia
923 1238 1054 1284 quae
1075 1221 1244 1266 lanata
1264 1221 1606 1284 appellantur:
1625 1221 1808 1286 lanugo

328 1342 389 1372 ea
412 1324 633 1379 obducit,
655 1321 894 1369 strutheis
919 1322 1126 1384 quidem
1151 1320 1459 1384 Persicisque
1480 1321 1712 1386 plurima,
1733 1322 1807 1370 his

326 1433 499 1472 tamen
527 1423 779 1488 peculiare
810 1440 993 1469 nomen
1024 1422 1169 1469 dedit
1199 1422 1334 1468 nulla
1363 1423 1464 1469 alia
1492 1424 1807 1471 commenda-

326 1529 465 1573 tione
487 1525 778 1589 insignibus.

390 1627 496 1673 XV.
535 1625 746 1688 Reliqua
780 1641 866 1671 cur
896 1627 1071 1688 pigeat
1101 1627 1398 1671 nominatim
1431 1625 1670 1682 indicare,
1693 1643 1805 1673 cum

325 1727 661 1774 conditoribus
688 1728 785 1771 suis
806 1732 1065 1771 aeternam
1087 1728 1477 1788 propagaverint
1495 1730 1805 1783 memoriam,

325 1836 585 1890 tamquam
614 1826 677 1872 ob
707 1828 968 1889 egregium
998 1825 1200 1888 aliquod
1227 1828 1278 1871 in
1308 1828 1411 1871 vita
1440 1825 1666 1872 factum?
1713 1830 1804 1873 nisi

326 1927 483 1983 fallor,
515 1927 779 1990 apparebit
810 1942 872 1972 ex
905 1942 964 1971 eo
994 1928 1254 1988 ingenium
1284 1925 1554 1982 inserendi,
1584 1925 1803 1990 nihilque

324 2035 430 2075 tam
465 2044 674 2091 parvum
713 2043 821 2072 esse
861 2026 995 2089 quod
1032 2042 1132 2072 non
1168 2025 1380 2089 gloriam
1415 2043 1594 2090 parere
1630 2031 1801 2091 possit.

325 2145 444 2192 ergo
474 2127 664 2173 habent
694 2129 939 2190 originem
970 2143 999 2172 a
1031 2125 1196 2172 Matio
1227 2126 1497 2190 Cestioque
1529 2134 1582 2173 et
1614 2126 1802 2185 Mallio,

323 2232 445 2275 item
493 2228 949 2289 Scaudio—quibus
997 2234 1212 2273 cotoneo
1259 2229 1408 2273 insito
1454 2228 1518 2274 ab
1563 2228 1728 2291 Appio
1774 2246 1801 2276 e

328 2329 534 2374 Claudia
558 2335 712 2390 gente
741 2328 973 2390 Appiana
1006 2334 1122 2373 sunt
1149 2330 1527 2390 cognominata3
1570 2328 1691 2374 odor
1725 2335 1802 2375 est

324 2428 397 2474 his
435 2436 777 2483 cotoneorum,
818 2427 1115 2490 magnitudo
1156 2444 1285 2490 quae
1325 2426 1631 2484 Scaudianis,
1669 2428 1801 2475 color

325 2582 414 2626 320
