1909 2998
220 695 272 733 66

218 1054 270 1093 67

221 1776 303 1818 68⁷

221 2047 271 2086 69

558 199 803 247 PLINY:
867 199 1198 246 NATURAL
1243 198 1539 247 HISTORY

306 331 449 374 unius
471 327 709 390 peculiari
732 326 986 382 miraculo,
1009 344 1102 373 nec
1123 343 1329 390 pomum
1350 334 1557 391 propter
1580 344 1785 374 usumve

306 418 541 480 aliquem,
567 417 656 463 sed
682 424 948 463 eventum:
993 415 1147 463 facies
1174 423 1251 463 est
1276 419 1467 480 spinae,
1492 416 1611 463 folia
1633 415 1789 463 habet

304 525 399 554 ceu
424 511 601 571 pinnas
631 524 760 570 quae
788 510 939 553 tactis
968 508 1031 552 ab
1058 506 1260 553 homine
1288 510 1436 553 ramis
1464 506 1651 553 cadunt
1677 524 1789 571 pro-

304 601 438 643 tinus
463 615 519 643 ac
541 605 721 661 postea
742 604 1087 643 renascuntur.

372 688 482 733 XX.
521 688 770 733 Cummim
807 690 1051 751 optimam
1089 704 1197 734 esse
1245 704 1308 733 ex
1354 687 1612 752 Aegyptia
1647 690 1789 751 spina

303 781 553 833 convenit,
590 777 986 833 vermiculatam,
1021 777 1185 824 colore
1221 777 1417 840 glauco,
1451 794 1647 842 puram,
1683 781 1788 824 sine

302 871 506 924 cortice,
558 868 794 914 dentibus
848 867 1239 922 adhaerentem3
1308 870 1529 931 pretium
1582 870 1687 914 eius
1739 871 1789 913 in

303 958 451 1004 libras
481 959 519 1004 Χ
550 974 624 1004 111.
696 958 916 1004 deterior
943 975 1004 1004 ex
1027 958 1304 1021 amygdalis
1331 961 1510 1004 amaris
1532 965 1584 1004 et
1602 975 1789 1014 ceraso,

306 1052 523 1112 pessima
541 1065 567 1095 e
585 1051 771 1112 prunis.
842 1048 898 1094 fit
917 1051 1037 1094 etin
1054 1049 1239 1094 vitibus
1256 1047 1525 1094 infantium
1543 1048 1789 1095 ulceribus

304 1141 578 1202 aptissima,
607 1145 660 1184 et
687 1138 956 1201 aliquando
983 1141 1033 1183 in
1061 1138 1171 1184 olea
1197 1138 1428 1184 dentium
1455 1137 1629 1195 dolori,
1656 1138 1789 1184 ulmo

305 1231 459 1275 etiam
491 1232 542 1274 in
575 1228 764 1291 Coryco
796 1236 969 1275 monte
1004 1228 1206 1274 Ciliciae
1239 1245 1296 1274 ac
1328 1231 1541 1292 iunipiro
1574 1229 1638 1275 ad
1669 1227 1788 1274 nihil

303 1319 469 1375 utiles,
501 1336 563 1366 ex
595 1319 714 1365 ulmi
745 1336 862 1365 vero
892 1321 1077 1365 cummi
1107 1326 1160 1365 et
1189 1318 1372 1365 culices
1401 1319 1470 1364 ibi
1500 1326 1786 1365 nascuntur.

305 1409 361 1455 fit
384 1416 436 1455 et
459 1426 485 1455 e
508 1409 914 1455 sarcocolla—ita
935 1416 1142 1455 vocatur
1163 1416 1216 1455 et
1235 1409 1255 1438 1
1277 1409 1423 1455 arbor
1444 1415 1496 1455 et
1517 1411 1790 1455 cummis—

306 1499 567 1546 utilissima
590 1500 865 1562 pictoribus
898 1516 955 1545 ac
986 1499 1212 1554 medicis,
1244 1498 1415 1545 similis
1445 1498 1618 1563 pollini
1648 1502 1790 1555 turis,

304 1597 358 1635 et
377 1589 491 1636 ideo
510 1589 725 1636 candida
746 1607 897 1652 quam
916 1589 1028 1636 rufa
1048 1589 1223 1635 melior
1240 1604 1251 1644 ;
1287 1592 1509 1653 pretium
1530 1592 1635 1635 eius
1656 1589 1789 1652 quod

303 1696 465 1743 supra.

372 1769 511 1816 XXI.
544 1770 780 1817 Nondum
797 1770 1042 1835 palustria
1068 1772 1328 1833 attigimus
1348 1786 1441 1816 nec
1461 1769 1666 1816 frutices
1687 1786 1789 1816 am·-

304 1863 457 1907 nium.
513 1864 648 1924 prius
671 1868 844 1907 tamen
862 1877 1012 1923 quam
1029 1860 1370 1923 digrediamur
1391 1861 1454 1906 ab
1476 1860 1714 1923 Aegypto
1737 1868 1789 1906 et

302 1954 480 2014 papyri
497 1959 677 1997 natura
693 1951 908 2006 dicetur,
919 1967 1033 1996 cum
1049 1950 1254 1996 chartae
1272 1966 1363 1996 usu
1379 1952 1598 1996 maxime
1614 1948 1789 1996 huma-

308 2044 437 2087 nitas
454 2044 588 2087 vitae
605 2048 820 2096 constet,
837 2048 975 2087 certe
992 2044 1247 2086 memoria.
1302 2048 1354 2087 et
1369 2039 1498 2086 hanc
1514 2039 1788 2086 Alexandri

308 2131 485 2193 Magni
505 2134 711 2176 victoria
731 2138 985 2194 repertam
1007 2138 1180 2176 auctor
1200 2138 1277 2177 est
1300 2129 1373 2176 M.
1395 2130 1568 2185 Varro,
1587 2130 1788 2176 condita

305 2223 355 2265 in
381 2222 619 2284 Aegypto
644 2221 979 2275 Alexandria3
1024 2228 1176 2267 antea
1201 2237 1298 2266 non
1325 2219 1476 2266 fuisse
1502 2219 1787 2266 chartarum

826 2342 841 2366 ¹
872 2346 916 2380 et
934 2340 1029 2380 add.
1051 2340 1275 2381 Rackham.

644 2532 662 2550 ‘³
691 2525 780 2565 The
801 2526 976 2564 Persian
998 2524 1169 2564 Panaca
1192 2523 1434 2564 sarcocolla.

310 2601 394 2661 138
