1909 2998
206 359 282 398 109

207 894 285 933 110

210 1508 282 1545 111

552 223 797 269 PLINY:
862 222 1192 268 NATURAL
1238 222 1532 269 HISTORY

368 352 452 398 LI.
490 352 679 415 Cypros
730 354 781 396 in
826 351 1067 413 Aegypto
1109 357 1187 396 est
1229 351 1375 396 arbor
1415 349 1592 414 ziziphi
1638 349 1784 405 foliis,

303 432 493 475 semine
524 427 769 474 coriandri
799 427 1030 482 candido,
1062 427 1285 472 odorato.
1353 429 1584 489 coquitur
1612 425 1707 473 hoc
1735 429 1786 472 in

304 505 415 551 oleo
470 508 817 569 premiturque
874 511 1070 567 postea,
1130 503 1263 566 quod
1320 520 1497 568 cypros
1554 510 1788 558 vocatur;

302 585 523 646 pretium
559 584 606 628 ei
641 584 693 626 in
725 581 875 626 libras
913 581 951 626 Χ
993 596 1038 626 v.
1108 583 1355 643 optimum
1389 597 1416 626 e
1451 580 1702 644 Canopica
1736 583 1788 626 in

302 662 420 722 ripis
448 658 546 704 Nili
572 665 710 714 nata,
737 657 1014 704 secundum
1040 657 1287 703 Ascalone
1316 657 1555 713 Iudaeae,
1579 660 1788 703 tertium

304 738 355 781 in
379 735 398 764 1
434 735 598 799 Cypro
633 734 823 781 insula:
877 734 1040 780 odoris
1075 737 1293 780 suavitas
1330 733 1594 796 quaedam.
1662 732 1790 780 hanc

305 829 414 858 esse
436 812 611 858 dicunt
633 812 862 858 arborem
884 828 1014 874 quae
1036 814 1087 856 in
1111 811 1259 857 Italia
1281 810 1547 874 ligustrum
1567 818 1787 858 vocetur.

371 888 484 934 LII.
525 889 584 934 In
620 888 800 934 eodem
839 895 1008 934 tractu
1047 887 1333 951 aspalathos
1374 890 1610 944 nascitur,
1649 890 1792 952 spina

304 965 519 1011 candida
553 965 903 1027 magnitudine
941 966 1128 1010 arboris
1170 964 1417 1020 modicae,
1453 963 1574 1011 flore
1620 979 1791 1019 rosae3

306 1042 448 1087 radix
490 1044 762 1104 unguentis
800 1044 1073 1105 expetitur.
1141 1041 1351 1087 tradunt
1387 1043 1438 1087 in
1475 1058 1790 1105 quocumque

306 1117 487 1165 frutice
535 1125 770 1164 curvetur
817 1135 958 1164 arcus
1006 1117 1239 1164 caelestis
1290 1117 1506 1164 eandem
1549 1135 1679 1181 quae
1726 1121 1792 1165 sit

307 1193 554 1259 aspalathi
602 1197 906 1241 suavitatem
955 1195 1119 1241 odoris
1169 1197 1450 1250 exisistere‚
1506 1194 1597 1241 sed
1643 1197 1683 1241 si
1741 1197 1792 1241 in

307 1271 585 1334 aspalatho,
644 1271 1032 1318 inenarrabilem
1083 1271 1352 1334 quandam.
1423 1271 1628 1334 quidam
1676 1288 1792 1318 eum

307 1351 697 1412 erysisceptrum
723 1356 920 1404 vocant,
961 1348 1043 1394 alii
1078 1355 1351 1411 sceptrum.
1417 1349 1651 1411 probatio
1687 1351 1793 1395 eius

306 1427 357 1470 in
392 1425 555 1471 colore
594 1424 705 1471 rufo
749 1425 828 1471 vel
871 1428 1023 1488 igneo
1067 1432 1312 1487 tactuque
1353 1428 1510 1488 spisso
1550 1432 1603 1471 et
1642 1425 1793 1472 odore

304 1505 534 1548 castorei.
614 1509 938 1565 permutatur
1001 1505 1051 1547 in
1113 1501 1264 1547 libras
1331 1501 1370 1547 Χ
1434 1517 1480 1547 v.
1553 1501 1694 1548 LIII.
1735 1502 1794 1548 In

307 1579 547 1642 Aegypto
583 1581 804 1624 nascitur
846 1586 899 1625 et
948 1595 1122 1624 maron
1168 1581 1313 1641 peius
1362 1595 1513 1641 quam
1558 1578 1795 1642 Lydium,

308 1656 577 1701 maioribus
609 1654 738 1701 foliis
773 1672 829 1701 ac
863 1658 1040 1701 variis:
1091 1655 1175 1700 illa
1209 1655 1384 1701 brevia
1421 1672 1478 1701 ac
1514 1658 1709 1702 minuta
1741 1663 1795 1703 et

312 1732 537 1777 odorata.

374 1808 504 1854 LIV.
541 1808 642 1855 Sed
667 1810 896 1855 omnibus
924 1809 1159 1855 odoribus
1184 1807 1473 1872 praefertur
1498 1809 1794 1865 balsamum,

309 1888 394 1931 uni
413 1893 660 1931 terrarum
687 1886 907 1932 Iudaeae
931 1902 1241 1941 concessum,
1258 1886 1512 1948 quondam
1529 1889 1580 1931 in
1601 1886 1794 1933 duobus

307 1968 509 2008 tantum
536 1961 710 2018 hortis,
739 1970 954 2025 utroque
982 1965 1140 2025 regio,
1171 1962 1330 2008 altero
1359 1965 1589 2025 iugerum
1617 1965 1792 2026 viginti

308 2055 408 2084 non
433 2039 661 2101 amplius,
680 2039 840 2085 altero
857 2042 1165 2102 pauciorum.
1234 2038 1503 2085 ostendere
1531 2039 1793 2085 arborum²

309 2114 437 2160 hanc
459 2115 569 2160 urbi
590 2117 920 2179 imperatores
942 2115 1254 2178 Vespasiani,
1275 2115 1564 2178 clarumque
1587 2116 1744 2172 dictu,
1766 2133 1793 2162 a

785 2243 799 2266 1
829 2243 872 2280 in
892 2241 987 2281 add.
1008 2257 1016 2280 :
1051 2242 1255 2293 Illayhoff.

793 2295 808 2318 ²
838 2295 1045 2335 Mueller:
1078 2297 1298 2335 arbutum.

528 2442 545 2459 ‘²
577 2436 797 2474 Lawsonia
817 2435 1001 2474 inermis.

534 2490 548 2513 ὓ
579 2490 808 2539 Oriyanum
827 2489 1046 2539 sipyleum,
1069 2501 1093 2526 a
1113 2487 1215 2526 kind
1238 2487 1285 2526 of
1300 2487 1545 2537 marjoram.

528 2550 541 2567 ⁶
572 2543 864 2593 Commiplcora
884 2542 1203 2593 opobalsamum.
