1909 2998
231 667 282 706 35

231 1306 284 1345 36

231 1784 283 1824 37

561 212 806 259 PLINY:
870 211 1200 258 NATURAL
1245 211 1541 258 HISTORY

377 340 555 387 Oleam
598 343 638 385 si
679 338 947 385 lambendo
989 355 1139 401 capra
1179 338 1349 401 lingua
1390 342 1660 402 contigerit
1703 341 1789 388 de-

312 424 605 485 paveritque
636 421 797 482 primo
828 422 1130 482 germinatu,
1162 418 1475 465 sterilescere
1508 427 1681 466 auctor
1712 428 1789 468 est

316 500 388 546 M.
414 500 583 546 Varro.

377 580 445 626 Et
467 579 709 626 hactenus
733 579 797 625 de
822 578 932 625 olea
955 586 1107 641 atque
1131 578 1256 625 oleo.

381 660 468 706 IX.
506 659 702 722 Reliqui
738 659 969 704 arborum
1005 658 1193 705 fructus
1229 662 1310 704 vix
1347 662 1515 722 specie
1553 659 1790 724 figurave,

315 757 413 786 non
433 739 583 785 modo
603 740 861 802 saporibus
882 741 1127 801 sucisque,
1147 741 1334 785 totiens
1351 742 1614 802 permixtis
1636 747 1789 803 atque

314 822 490 875 insitis,
517 822 797 865 enumerari
822 826 1029 881 queunt.

379 899 748 945 Grandissimus
808 902 969 962 pineis
1026 899 1232 944 nucibus
1290 898 1628 963 altissimeque
1686 918 1789 965 sus7

313 996 512 1044 pensus,
545 983 680 1025 intus
714 978 869 1024 exiles
902 978 1104 1025 nucleos
1136 978 1379 1025 lacunatis
1412 980 1622 1026 includit
1655 984 1793 1037 toris,

315 1062 520 1106 vestitos
568 1059 665 1105 alia
709 1058 974 1121 ferruginis
1019 1061 1206 1114 tunica,
1251 1061 1376 1104 mira
1421 1067 1631 1106 naturae
1677 1078 1794 1107 cura

315 1139 531 1186 molliter
566 1142 758 1185 semina
794 1138 1102 1185 conlocandi.
1169 1137 1345 1185 harum
1382 1156 1540 1203 genus
1579 1139 1792 1187 alterum

314 1219 614 1265 Tarentinae
651 1219 823 1281 digitis
859 1217 1023 1282 fragili
1057 1221 1320 1281 putamine
1357 1222 1620 1282 aviumque
1658 1219 1792 1267 furto

315 1302 365 1345 in
409 1299 597 1345 arbore.
670 1306 722 1345 et
765 1301 973 1345 tertium
1017 1298 1312 1362 sappiniael
1357 1316 1384 1345 e
1427 1302 1573 1362 picea
1616 1303 1793 1357 sativa,

316 1379 602 1425 nucleorum
626 1386 742 1425 cute
768 1382 930 1425 verius
957 1395 1109 1441 quam
1132 1381 1393 1442 putamine
1420 1379 1548 1425 adeo
1574 1380 1708 1425 molli
1736 1387 1793 1427 ut

314 1459 458 1505 simul
490 1459 771 1505 mandatur.
840 1465 1073 1521 quartum
1105 1458 1303 1522 pityida
1322 1458 1341 1487 ²
1374 1467 1556 1505 vocant
1590 1476 1617 1506 e
1649 1463 1792 1523 pina-

316 1541 445 1595 stris,
489 1538 749 1602 singularis
793 1538 1004 1585 remedii
1049 1539 1284 1585 adversus
1330 1542 1506 1584 tussim
1551 1543 1602 1585 in
1645 1540 1793 1587 melle

315 1619 535 1665 decoctis
579 1618 793 1665 nucleis:
855 1618 1055 1664 Taurini
1102 1618 1339 1664 ravicelos
1385 1626 1579 1666 vocant.
1645 1623 1795 1683 pinea

314 1715 494 1745 corona
516 1702 726 1745 victores
749 1698 883 1762 apud
907 1697 1154 1744 Isthmum
1176 1706 1492 1745 coronantur.

380 1779 440 1824 X.
478 1779 568 1825 His
601 1782 828 1842 proxima
864 1778 1194 1841 amplitudine
1231 1779 1362 1824 mala
1399 1796 1527 1841 quae
1564 1797 1795 1827 vocamus

314 1865 525 1904 cotonea
554 1867 607 1905 et
637 1859 818 1905 Graeci
846 1859 1074 1922 cydonea
1103 1876 1166 1905 ex
1198 1859 1349 1905 Creta
1379 1859 1538 1905 insula
1569 1859 1793 1907 advecta.

316 1941 592 1984 incurvatos
652 1937 858 1984 trahunt
917 1955 1079 1984 ramos
1137 1938 1508 2001 prohibentque
1568 1956 1794 1987 crescere

315 2025 592 2080 parentem.
659 2018 801 2081 plura
853 2035 1024 2064 eorum
1075 2034 1292 2081 genera:
1361 2018 1673 2081 chrysomela
1724 2023 1795 2066 in-

315 2100 482 2143 cisuris
534 2097 769 2143 distincta
821 2098 984 2144 colore
1050 2098 1113 2144 ad
1178 2115 1353 2144 aurum
1404 2098 1657 2156 inclinato,
1710 2103 1792 2163 qui

794 2219 809 2242 1
840 2218 1092 2257 Hardouin:
1123 2219 1306 2269 sappini.

790 2272 805 2294 ²
835 2273 1114 2310 Hermolaus:
1148 2273 1328 2323 pitydia.

383 2409 400 2428 ⁰
430 2405 558 2443 From
578 2419 718 2452 ravus,
744 2412 752 2426 ‘
769 2405 950 2445 hoarse.'

379 2457 394 2482 ὁ
425 2458 550 2496 From
578 2458 793 2509 Cydonea,
821 2471 915 2497 now
942 2458 1095 2505 Canea,
1123 2472 1148 2497 a
1174 2460 1263 2509 city
1291 2460 1332 2498 in
1359 2460 1494 2499 Crete.
1552 2460 1641 2499 The
1666 2461 1793 2501 Latin

323 2524 448 2550 name
470 2512 503 2549 is
527 2512 684 2562 merely
706 2525 731 2550 a
754 2512 997 2562 perversiori
1019 2512 1066 2551 of
1083 2512 1156 2551 the
1179 2512 1329 2552 Greek.

317 2603 403 2647 312
