1909 2998
588 180 833 227 PLINY:
896 179 1226 225 NATURAL
1270 178 1567 226 HISTORY

234 316 310 354 126
401 308 530 355 LVI.
573 309 678 354 Dat
722 315 775 354 et
817 307 1090 370 galbanum
1128 306 1271 370 Syria
1309 310 1359 352 in
1400 307 1580 353 eodem
1619 308 1814 354 Amano

334 390 506 428 monte
569 398 596 427 e
656 380 815 427 ferula
868 397 1021 443 quam
1073 381 1300 426 eiusdem
1362 384 1574 427 nominis
1621 385 1814 428 resinae

334 455 483 501 modo
521 457 814 516 stagonitim
848 453 1121 517 appellant.
1191 453 1326 516 quod
1355 457 1576 500 maxime
1607 454 1815 501 laudant

332 527 759 590 cartilaginosum,
775 543 958 590 purum
987 526 1051 572 ad
1075 526 1457 572 similitudinem
1480 526 1814 573 hammoniaci

332 604 638 663 minimeque
674 600 939 663 lignosum.
1009 603 1078 645 sic
1115 616 1314 662 quoque
1352 599 1666 647 adulteratur
1700 599 1815 646 faba

333 682 421 720 aut
463 676 744 737 sacopenio.
823 676 1091 729 sincerum,
1135 676 1175 719 si
1218 680 1409 728 uratur,
1453 672 1598 736 fugat
1642 673 1815 720 nidore

332 755 610 812 serpentes.
678 754 998 810 permutatur
1024 749 1073 792 in
1093 746 1243 792 libras
1266 746 1305 792 Χ
1330 761 1375 792 v.
1451 746 1608 793 LVII.
1652 746 1816 793 Medi-

333 824 475 867 cinae
519 820 612 866 hoc
660 827 878 876 tantum,
926 837 1157 883 panacen
1205 827 1258 866 et
1305 823 1577 882 unguentis
1636 820 1815 866 eadem

236 901 311 939 127
336 897 518 957 gignit,
542 901 839 940 nascentem
864 900 917 939 et
942 896 992 938 in
1026 891 1276 956 Psophide
1306 893 1555 939 Arcadiae
1583 895 1814 956 circaque

334 966 631 1031 Erymanthi
672 966 866 1013 fontem
908 974 961 1013 et
1001 969 1052 1012 in
1093 965 1266 1012 Africa
1302 973 1355 1013 et
1396 970 1448 1012 in
1492 966 1812 1023 Macedonia,

332 1040 492 1087 ferula
527 1043 602 1086 sui
637 1043 839 1103 generis
883 1043 1103 1102 quinque
1145 1040 1446 1095 cubitorum,
1482 1039 1611 1086 foliis
1653 1043 1814 1103 primo

331 1117 605 1177 quaternis,
656 1131 772 1160 mox
822 1116 954 1160 senis
1003 1116 1053 1158 in
1106 1120 1243 1159 terra
1300 1114 1580 1160 iacentibus
1643 1114 1809 1178 ampla

331 1187 679 1250 magnitudine
715 1186 961 1242 rotundis,
996 1189 1047 1231 in
1073 1189 1333 1233 cacumine
1366 1203 1484 1232 vero
1523 1186 1814 1250 oleagineis,

331 1264 522 1306 semine
541 1260 559 1289 1
584 1263 839 1306 muscariis
864 1259 1189 1323 dependente
1210 1267 1267 1305 ut
1291 1258 1500 1305 ferulae.
1570 1263 1816 1323 excipitur

332 1351 475 1380 sucus
500 1337 653 1380 inciso
670 1333 811 1380 caule
837 1334 1098 1388 messibus,
1123 1333 1291 1379 radice
1318 1341 1576 1379 autumno.
1644 1333 1815 1379 lauda-

332 1415 414 1454 tur
428 1407 614 1453 candor
630 1410 735 1453 eius
751 1409 941 1461 coacti3
979 1423 1193 1468 sequens
1208 1406 1395 1469 pallido
1420 1413 1640 1461 statera3
1673 1409 1815 1469 niger

330 1481 461 1527 colos
497 1481 805 1544 inprobatur.
873 1483 1096 1543 pretium
1145 1483 1336 1544 optimo
1386 1482 1437 1525 in
1475 1479 1624 1526 libras
1668 1480 1708 1526 Χ
1756 1495 1812 1526 11.

234 1561 310 1599 128
338 1554 526 1600 LVIII.
567 1554 650 1600 Ab
669 1553 762 1599 hac
782 1552 942 1600 ferula
961 1552 1129 1600 differt
1147 1570 1276 1616 quae
1294 1560 1501 1599 vocatur
1519 1552 1814 1617 spondylion

332 1628 460 1673 foliis
497 1635 716 1683 tantum,
744 1630 862 1690 quia
897 1634 1014 1673 sunt
1050 1630 1243 1673 minora
1274 1634 1327 1673 et
1361 1626 1553 1690 platani
1582 1626 1812 1673 divisura.

333 1722 432 1750 non
469 1707 562 1750 nisi
598 1707 649 1749 in
685 1707 853 1767 opacis
889 1706 1129 1767 gignitur.
1198 1719 1372 1750 semen
1402 1703 1582 1749 eodem
1614 1706 1814 1750 nomine

331 1778 430 1824 silis
458 1781 679 1841 speciem
713 1776 887 1833 habet,
915 1777 1197 1823 medicinae
1234 1784 1437 1823 tantum
1465 1776 1604 1822 utile.
1677 1775 1810 1822 LIX.

230 1858 307 1897 129
334 1851 438 1897 Dat
469 1859 521 1897 et
551 1850 920 1897 malobathrum
951 1849 1111 1914 Syria,
1136 1851 1364 1896 arborem
1389 1848 1508 1896 folio
1533 1849 1814 1905 convolutO,

329 1925 491 1970 colore
515 1924 639 1970 aridi
660 1923 764 1979 foli,
788 1941 849 1970 ex
874 1941 972 1986 quo
992 1927 1239 1987 premitur
1261 1923 1427 1969 oleum
1450 1922 1513 1968 ad
1535 1930 1813 1986 unguenta,

330 1997 569 2043 fertiliore
621 1997 847 2043 eiusdem
899 1998 1154 2061 Aegypto.
1223 1996 1474 2042 laudatius
1525 2003 1699 2042 tamen
1750 2012 1811 2041 ex

592 2097 608 2122 ¹
638 2097 690 2135 M
691 2096 835 2147 ayhoff
849 2111 858 2136 ε
889 2097 1052 2135 semine
1072 2097 1116 2135 in
1135 2100 1209 2135 aut
1228 2096 1392 2134 semine
1412 2107 1526 2135 vere.

380 2228 396 2245 ‘²
428 2223 554 2260 From
577 2222 726 2261 Ferula
749 2222 1018 2272 yalbaniflua.

386 2275 401 2299 ¹³
430 2276 506 2314 See
528 2275 661 2313 Index
685 2276 732 2313 of
749 2275 913 2322 Plants,
935 2275 1027 2314 Vol.
1050 2275 1149 2314 VII.

384 2334 398 2352 ⁰
430 2329 598 2367 Almost
622 2329 827 2379 certainly
851 2328 938 2367 leaf
957 2328 1004 2367 of
1023 2329 1260 2374 cinnamon,
1285 2328 1368 2366 and
1390 2332 1480 2374 not,
1507 2340 1553 2366 as
1577 2340 1662 2365 was
1689 2327 1806 2366 often

327 2382 525 2432 thought,
570 2382 700 2428 betel;
758 2383 813 2420 its
852 2381 1110 2420 attribution
1150 2386 1196 2420 to
1235 2382 1357 2432 Syria
1396 2381 1562 2419 instead
1602 2381 1648 2419 os
1684 2380 1808 2418 India

328 2435 639 2480 (malobathrum
700 2452 741 2465 =
799 2434 995 2474 Sanskrit
1045 2435 1334 2485 tamalapatra,
1385 2434 1394 2449 ‘
1413 2433 1748 2473 cinnamon-leaf
1763 2433 1805 2482 ⁹),

327 2489 499 2539 (mylen,
522 2488 669 2535 China,
692 2493 789 2535 etc„
812 2501 898 2527 was
919 2489 1056 2539 owing
1077 2493 1123 2527 to
1144 2488 1441 2527 trade-routes.

328 2564 385 2608 88
