1909 2998
197 1045 249 1083 98

191 2001 245 2039 99

539 217 783 264 PLINY:
848 217 1179 264 NATURAL
1224 217 1521 264 HISTORY

286 345 448 391 odoris
496 346 769 391 mollissimi
817 352 1071 408 gustuque
1121 362 1272 407 quam
1319 348 1524 391 minime
1572 344 1768 392 fervens

283 435 551 495 potiusque
613 432 752 478 lento
812 439 990 495 tepore
1052 431 1235 478 leniter
1295 432 1546 488 mordens,
1606 432 1768 478 colore

282 535 553 581 purpurae,
575 535 807 581 quaeque
828 519 1044 582 plurima
1064 521 1326 564 minimum
1343 518 1579 582 ponderis
1599 517 1769 574 faciat,

283 606 421 651 brevi
466 608 750 651 tunicarum
797 605 963 651 fistula
1009 612 1163 668 atque
1210 622 1310 651 non
1355 604 1534 668 fragili.
1601 605 1769 651 ladam

283 699 463 738 vocant
493 692 651 738 talem
682 692 896 738 barbaro
928 695 1145 738 nomine.
1215 692 1312 737 alia
1344 699 1422 738 est
1452 692 1768 739 balsamodes

283 779 346 824 ab
376 778 528 826 odore
558 779 706 825 simili
737 778 1008 843 appellata,
1039 779 1128 825 sed
1158 795 1329 824 amara
1356 779 1572 842 ideoque
1602 779 1769 826 utilior

282 866 504 922 medicis,
521 869 648 912 sicut
665 869 806 929 nigra
822 869 1108 929 unguentis.
1166 869 1332 930 pretia
1347 866 1468 912 nulli
1483 866 1766 924 diversiora,

281 960 520 1016 optumae
541 956 593 999 in
613 953 762 999 libras
788 954 826 999 Χ
852 968 895 1009 L,
917 956 1098 999 ceteris
1124 954 1162 999 >4
1186 969 1232 999 v.

346 1039 436 1085 His
477 1040 706 1086 adiecere
747 1057 1021 1103 mangones
1062 1057 1213 1103 quam
1252 1039 1532 1105 Daphnidis
1570 1048 1767 1097 vocant,

279 1130 685 1189 cognominatam
732 1130 1091 1183 isocinnamon,
1126 1130 1447 1191 pretiumque
1490 1130 1536 1174 ei
1576 1126 1767 1175 faciunt

283 1213 322 1259 Χ
350 1228 448 1260 ccc.
518 1214 833 1261 adulteratur
857 1221 1055 1278 styrace
1082 1221 1135 1261 et
1157 1222 1366 1278 propter
1388 1214 1766 1261 similitudinem

278 1303 521 1347 corticum
567 1301 735 1348 laurus
784 1304 1090 1348 tenuissimis
1144 1301 1364 1348 surculis.
1449 1305 1569 1365 quin
1617 1309 1669 1348 et
1714 1305 1765 1348 in

278 1395 448 1433 nostro
473 1389 592 1434 orbe
622 1391 820 1444 seritur,
847 1396 1177 1451 extremoque
1211 1392 1262 1434 in
1295 1391 1520 1452 margine
1553 1392 1765 1453 imperii,

279 1491 377 1536 qua
416 1474 618 1521 Rhenus
658 1475 834 1531 adluit,
873 1475 975 1521 vidi
1011 1478 1063 1521 in
1105 1475 1331 1522 alveariis
1370 1479 1537 1541 apium
1575 1483 1764 1531 satam3

276 1561 410 1607 color
445 1563 589 1608 abest
625 1562 707 1609 ille
744 1562 961 1609 torridus
998 1562 1120 1618 sole,
1157 1569 1210 1609 et
1247 1563 1310 1608 ob
1353 1562 1404 1609 id
1445 1562 1589 1609 simul
1628 1563 1764 1609 idem

277 1648 412 1695 odor.

340 1735 520 1782 XLIV.
561 1737 638 1782 Ex
654 1736 867 1783 confinio
882 1740 1046 1783 casiae
1062 1740 1379 1800 cinnamique
1400 1744 1453 1783 et
1471 1754 1762 1784 cancamum

277 1838 333 1868 ac
368 1830 535 1869 tarum
571 1823 838 1880 invehitur,
864 1824 953 1870 sed
980 1841 1072 1887 per
1109 1824 1395 1871 Nabataeos
1431 1824 1763 1889 Trogodytas,

277 1912 359 1971 qui
385 1910 657 1956 consedere
683 1928 746 1957 ex
772 1911 1060 1957 Nabataeis.

340 1996 492 2043 XLV.
530 1998 604 2043 Eo
632 2005 976 2061 comportatur
1001 2006 1054 2044 et
1082 1997 1386 2045 serichatum
1412 2006 1465 2045 et
1489 1998 1761 2062 gabalium,

275 2099 404 2144 quae
432 2086 564 2129 intra
592 2101 645 2130 se
673 2092 974 2131 consumunt
1002 2085 1195 2131 Arabes
1224 2092 1394 2131 nostro
1422 2086 1528 2131 orbi
1556 2093 1758 2132 tantum

274 2171 555 2217 nominibus
619 2175 839 2234 cognita,
903 2172 993 2218 sed
1056 2188 1171 2218 cum
1233 2175 1464 2219 cinnamo
1527 2176 1759 2236 casiaque

278 2261 550 2304 nascentia.
618 2262 850 2321 pervenit
876 2266 1050 2305 tamen
1078 2259 1346 2322 aliquando
1373 2258 1679 2306 serichatum
1707 2267 1760 2308 et

524 2486 543 2504 ⁰
573 2478 790 2519 Obtained
811 2479 922 2519 from
949 2480 1115 2521 Vateria
1135 2481 1161 2520 I
1164 2481 1285 2520 ndv'ca
1306 2481 1350 2521 of
1370 2481 1510 2522 India.

525 2532 540 2557 ὸ
568 2532 703 2573 These
725 2533 854 2584 drugs
874 2533 986 2573 have
1005 2540 1082 2574 not
1106 2535 1212 2574 been
1232 2535 1465 2576 identified.

277 2621 334 2668 70
