1909 2998
227 1270 279 1308 79

227 1617 278 1654 80

560 184 804 231 PLINY:
869 184 1199 231 NATURAL
1244 183 1541 231 HISTORY

311 315 594 358 communia
648 312 765 358 alibi
819 312 1051 368 dicenda,
1099 315 1333 374 quoniam
1379 315 1429 357 in
1469 315 1527 358 iis
1564 315 1790 359 vincitur.

311 402 602 462 peregrinos
644 402 753 462 ipsa
796 402 920 445 mire
967 399 1144 445 odores
1187 406 1240 445 et
1285 398 1349 444 ad
1394 406 1593 445 exteros
1633 402 1792 463 petit:

311 492 457 531 tanta
501 485 794 531 mortalibus
840 502 1040 531 suarum
1085 502 1251 531 rerum
1296 487 1448 531 satias
1494 492 1571 532 est
1609 485 1793 531 aliena—

312 588 521 633 rumque
543 572 769 618 aviditas.
814 571 1050 617 XXXIX.
1078 570 1268 618 Petunt
1284 574 1437 634 igitur
1458 574 1510 617 in
1525 571 1792 635 Elymaeos

312 658 540 704 arborem
580 659 782 704 bratum
823 675 1057 722 cupresso
1097 657 1239 704 fusae
1281 657 1512 714 similem,
1550 658 1792 704 exalbidis

311 748 477 800 ramis,
524 745 726 791 iucundi
775 745 938 791 odoris
981 760 1246 791 accensam
1295 752 1348 791 et
1395 761 1508 791 cum
1555 745 1792 791 miraculo

311 829 527 877 historiis
577 831 754 877 Claudi
804 831 1030 877 Caesaris
1082 831 1456 895 praedicatam:
1516 830 1633 878 folia
1687 835 1792 878 eius

311 920 599 981 inspergere
640 919 928 981 potionibus
971 917 1181 964 Parthos
1223 918 1398 973 tradit,
1436 917 1642 965 odorem
1683 935 1791 965 esse

308 1008 591 1067 proximum
626 1005 793 1061 cedro,
831 1005 1126 1067 fumumque
1169 1007 1275 1051 eius
1313 1012 1488 1051 contra
1524 1005 1660 1068 ligna
1697 1005 1793 1052 alia

310 1091 548 1137 remedio,
617 1095 837 1138 nascitur
884 1091 1016 1137 ultra
1058 1090 1346 1154 Pasitigrim
1395 1091 1574 1138 finibus
1623 1092 1792 1156 oppidi

310 1176 566 1224 Sostratae
586 1178 606 1207 1
630 1181 681 1223 in
703 1186 875 1225 monte
900 1177 1162 1225 Scanchro.

373 1263 481 1309 XL.
521 1262 709 1311 Petunt
747 1272 799 1311 et
834 1268 885 1310 in
915 1264 1185 1311 Carmanos
1215 1265 1444 1312 arborem
1474 1266 1699 1312 stobrum
1729 1266 1793 1313 ad

309 1350 518 1407 suffitus,
552 1351 807 1414 perfusam
843 1355 957 1398 vino
991 1352 1191 1415 palmeo
1226 1352 1579 1399 accendentes.
1647 1351 1791 1399 huius

310 1437 432 1483 odor
454 1437 587 1484 redit
612 1455 642 1484 a
665 1442 875 1484 camaris
909 1438 973 1485 ad
1006 1438 1183 1494 solum,
1208 1438 1453 1485 iucundus
1490 1438 1580 1485 sed
1616 1439 1792 1503 adgra-

309 1540 428 1570 vans
447 1528 631 1587 capita,
647 1528 773 1571 citra
792 1524 1016 1571 dolorem
1034 1532 1209 1571 tamen
1227 1542 1236 1571 :
1272 1524 1366 1571 hoc
1382 1542 1611 1572 somnum
1630 1530 1791 1590 aegris

311 1618 574 1672 quaerunt.
643 1611 717 1658 his
739 1615 1050 1658 commerciis
1074 1611 1249 1658 Carras
1272 1612 1511 1676 oppidum
1533 1629 1791 1676 aperuere,

309 1697 443 1759 quod
491 1705 568 1744 est
616 1699 684 1744 ibi
733 1698 1102 1744 nundinarium.
1172 1699 1289 1744 inde
1340 1699 1571 1745 Gabbam
1619 1717 1790 1746 omnes

307 1790 484 1845 petere
509 1784 739 1831 solebant
764 1785 960 1831 dierum
984 1788 1162 1848 viginti
1187 1788 1367 1832 itinere
1394 1793 1447 1832 et
1472 1784 1790 1833 Palaestinen

309 1868 531 1932 Syriam;
585 1878 766 1934 postea
805 1871 1080 1918 Characem
1118 1875 1227 1936 peti
1264 1879 1501 1936 coeptum
1541 1889 1597 1919 ac
1635 1889 1791 1937 regna

311 1953 608 2003 Parthorum
646 1975 709 2004 ex
747 1975 809 2004 ea
844 1975 995 2004 causa
1033 1966 1206 2004 auctor
1244 1966 1321 2005 est
1360 1959 1500 2005 Iuba.
1570 1959 1690 2005 mihi
1727 1961 1790 2006 ad

310 2040 485 2089 Persas
512 2047 667 2090 etiam
692 2048 828 2107 prius
854 2048 952 2091 ista
975 2053 1203 2108 portasse
1231 2062 1381 2108 quam
1406 2049 1457 2091 in
1483 2044 1676 2109 Syriam
1702 2054 1789 2093 aut

310 2129 602 2192 Aegyptum
663 2131 897 2177 videntur
958 2131 1217 2178 Herodoto
1277 2139 1429 2188 teste,
1490 2135 1574 2194 qui
1633 2133 1789 2180 tradit

310 2215 503 2278 singula
527 2217 662 2262 milia
685 2217 936 2263 talentum
961 2235 1125 2264 annua
1147 2221 1272 2264 turis
1294 2221 1573 2282 pensitasse
1596 2219 1788 2266 Arabas

666 2330 682 2354 ²
713 2330 909 2380 Blayhoff
927 2331 1018 2369 coll.
1044 2340 1088 2369 VI
1114 2332 1218 2370 136:
1260 2330 1444 2371 Sostrae.

578 2504 596 2523 ‘¹
625 2499 676 2539 In
697 2500 892 2540 western
913 2501 1026 2541 Iran.
1305 2500 1322 2527 ὅ
1347 2502 1430 2541 ΠΙ.
1452 2503 1518 2543 97.
