1940 2998
598 185 843 231 PLINY:
909 183 1240 230 NATURAL
1285 183 1583 230 HISTORY

352 320 524 359 autem
565 319 714 358 necat
753 311 969 358 candida
1008 328 1309 373 omnemque
1349 327 1521 357 sucum
1562 310 1833 358 auferendo

352 397 497 436 tanta
525 389 852 435 crassitudine
882 395 1097 451 augetur
1125 395 1182 433 ut
1209 390 1317 450 ipsa
1345 388 1490 433 arbor
1518 387 1620 433 fiat.
1689 391 1830 451 signa

352 469 457 512 eius
477 465 594 511 folia
613 469 832 510 maxima
853 472 1007 527 atque
1026 464 1284 519 latissima,
1304 479 1554 509 mammae
1574 467 1796 527 rigentes
1812 464 1831 494 ¹

351 559 479 605 quae
503 549 619 588 sunt
634 545 814 588 ceteris
837 540 1070 596 inflexae,
1091 543 1276 586 racemi
1299 547 1493 586 stantes
1516 557 1573 586 ac
1595 541 1829 587 subrecti.

351 626 404 666 et
453 635 756 682 quamquam
808 620 941 664 omni
961 618 980 647 2
1030 616 1331 663 hederarum
1381 620 1556 680 generi
1606 617 1832 664 radicosa

352 695 599 751 bracchia,
626 694 739 741 huic
765 702 939 741 tamen
965 697 1185 740 maxime
1213 710 1409 740 ramosa
1436 710 1492 739 ac
1518 694 1742 750 robusta,
1769 695 1832 740 ab

246 780 324 818 152
349 790 409 819 ea
449 776 637 835 nigrae.
705 771 795 818 sed
833 774 1091 835 proprium
1132 770 1276 816 albae
1320 770 1454 833 quod
1493 773 1626 816 inter
1666 771 1835 817 media

248 1624 325 1663 153

352 849 470 895 folia
503 852 693 895 emittit
725 846 958 895 bracchia
990 850 1243 910 utrimque
1276 863 1475 910 semper
1508 847 1834 910 amplectens,

352 926 444 972 hoc
475 933 527 972 et
555 929 606 971 in
636 928 787 971 muris
818 927 1042 988 quamvis
1073 925 1262 970 ambire
1293 941 1393 970 non
1420 927 1593 987 possit.
1661 927 1833 987 itaque

354 1006 508 1049 etiam
538 1003 761 1066 pluribus
793 1002 911 1048 locis
943 1004 1180 1047 intercisa
1211 1003 1333 1047 vivit
1363 1008 1538 1047 tamen
1569 1000 1835 1064 duratque,

353 1087 406 1126 et
426 1079 641 1126 totidem
660 1082 803 1125 initia
822 1078 1046 1124 radicum
1066 1077 1222 1124 habet
1243 1084 1366 1140 quot
1385 1076 1635 1133 bracchia,
1657 1078 1834 1141 quibus

352 1156 609 1202 incolumis
640 1163 692 1202 et
722 1155 879 1202 solida
909 1155 1108 1201 arbores
1140 1157 1275 1217 sugit
1305 1171 1361 1200 ac
1391 1154 1689 1217 strangulat.
1759 1162 1836 1201 est

353 1232 445 1280 et³
483 1236 533 1278 in
572 1232 739 1279 fructu
777 1231 1061 1279 differentia
1099 1231 1243 1277 albae
1284 1234 1558 1294 nigraeque
1598 1230 1835 1288 hederae,

354 1313 590 1373 quoniam
614 1310 720 1355 aliis
740 1316 887 1355 tanta
907 1308 1190 1354 amaritudo
1212 1311 1338 1353 acini
1360 1315 1416 1354 ut
1436 1325 1551 1354 aves
1571 1324 1671 1354 non
1687 1311 1837 1354 attin-

353 1394 491 1450 gant.
561 1394 638 1433 est
681 1394 734 1432 et
775 1389 942 1449 rigens
984 1385 1174 1432 hedera
1217 1402 1346 1447 quae
1389 1388 1495 1431 sine
1539 1385 1836 1431 adminiculo

353 1471 456 1510 stat
483 1464 586 1510 sola
614 1466 835 1509 omnium
863 1479 1124 1526 generum,
1150 1463 1213 1508 ob
1241 1461 1293 1507 id
1321 1469 1498 1508 vocata
1525 1461 1837 1517 orthocissos,

355 1558 381 1587 e
407 1541 600 1587 diverso
625 1557 900 1603 numquam
925 1543 1017 1586 nisi
1041 1538 1180 1585 humi
1205 1556 1386 1603 repens
1411 1538 1789 1585 chamaecissos.

414 1617 604 1664 LXIII.
642 1617 821 1663 Similis
856 1623 933 1663 est
973 1616 1193 1663 hederae
1237 1633 1264 1662 e
1299 1615 1470 1661 Cilicia
1504 1615 1708 1678 quidem
1738 1618 1837 1680 pri-

353 1712 491 1741 mum
540 1693 769 1758 profecta
819 1693 909 1740 sed
958 1696 1010 1739 in
1062 1693 1274 1739 Graecia
1324 1692 1634 1755 frequentior
1685 1710 1836 1755 quam

355 1779 536 1817 vocant
561 1771 832 1826 smilacem,
858 1770 1024 1816 densis
1050 1769 1338 1833 geniculata
1363 1769 1602 1825 caulibus,
1629 1772 1836 1833 spinosis

354 1848 630 1894 frutectosa
646 1851 811 1903 ramis,
828 1847 945 1893 folio
962 1846 1262 1903 hederaceo,
1276 1863 1447 1910 parvo,
1464 1863 1563 1891 non
1580 1846 1836 1910 anguloso,

355 1942 382 1970 a
407 1925 637 1988 pediculo
665 1927 933 1971 emittente
958 1926 1239 1987 pampinos,
1265 1922 1384 1969 flore
1410 1923 1641 1979 candido,
1666 1923 1835 1969 olente

250 2009 327 2048 154
348 2002 519 2048 lilium.
589 2001 687 2047 fert
720 2018 943 2047 racemos
977 2001 1234 2046 labruscae
1268 2000 1435 2055 modO,
1467 2017 1567 2045 non
1598 1999 1836 2056 hederae,

355 2079 516 2125 colore
583 2079 747 2133 rubro,
800 2078 1045 2141 conplexa
1097 2080 1248 2123 acinis
1301 2077 1568 2122 maioribus
1634 2077 1834 2123 nucleos

355 2163 542 2211 ternos,
569 2156 840 2200 minoribus
868 2154 1103 2217 singulos,
1131 2157 1296 2217 nigros
1324 2154 1590 2216 durosque,
1617 2153 1836 2200 infausta

521 2256 535 2280 1
568 2267 783 2294 mammae
802 2268 834 2293 r.
867 2254 1064 2305 Mayhoff
1079 2269 1088 2293 ι
1120 2267 1333 2293 mammas
1362 2254 1586 2305 erigentes.

526 2310 542 2332 ²
571 2310 719 2347 omni?
753 2308 972 2359 Mayhvoff:
1004 2309 1215 2347 omnium.

527 2362 542 2384 ³
571 2366 615 2400 et
635 2362 728 2401 add.
751 2375 769 2400 e
793 2362 994 2411 Theophr.
1017 2361 1104 2400 edd.

807 2506 825 2524 ‘¹
854 2499 890 2538 A
910 2499 1068 2550 species
1087 2498 1136 2538 of
1152 2498 1403 2538 bind-weed.
