1909 2998
551 171 794 218 PLINY:
857 170 1186 217 NATURAL
1230 170 1524 217 HISTORY

295 301 464 362 paucis
504 298 630 344 hanc
669 315 839 344 curam
879 301 1012 351 eius3
1071 296 1204 343 unde
1244 297 1384 342 nobis
1423 299 1579 342 crevit
1617 295 1773 352 labor,

297 402 481 462 quippe
512 416 624 444 cum
655 398 956 460 requirenda
985 400 1084 442 iam
1115 400 1214 442 sint
1234 397 1251 425 1
1282 413 1380 442 non
1410 395 1568 441 solum
1596 403 1774 459 postea

297 502 517 554 inventa,
565 514 736 544 verum
785 501 940 543 etiam
988 513 1048 542 ca
1095 513 1223 558 quac
1271 499 1566 542 invenerant
1610 498 1774 558 prisci,

246 607 271 643 4
295 599 487 644 desidia
514 615 681 644 rerum
710 600 1038 643 internicione
1068 598 1338 642 memoriae
1367 595 1570 642 indicta.
1637 598 1774 641 cuius

299 702 406 745 vitii
425 715 598 744 causas
620 701 727 760 quis
749 697 868 742 alias
890 713 1040 759 quam
1058 696 1282 759 publicas
1303 695 1477 741 mundi
1494 695 1773 741 invenerit?

298 801 529 844 nimirum
584 798 665 844 alii
719 799 916 844 subiere
970 799 1094 843 ritus
1147 799 1376 859 circaque
1430 795 1527 841 alia
1579 802 1774 842 mentes

297 899 553 945 hominum
614 899 908 944 detinentur
967 904 1022 943 et
1081 899 1320 943 avaritiae
1381 903 1582 942 tantum
1642 903 1774 942 artes

296 999 541 1046 coluntur.
611 1006 763 1045 antea
821 997 1019 1043 inclusis
1079 999 1308 1060 gentium
1367 998 1586 1059 imperiis
1645 998 1776 1042 intra

297 1103 446 1163 ipsas,
481 1099 696 1161 ideoque
717 1098 737 1127 2
772 1105 825 1144 et
860 1100 1090 1161 ingeniis,
1126 1096 1342 1159 quadam
1378 1095 1645 1142 sterilitate
1681 1095 1776 1142 for-

298 1207 452 1246 tunae
491 1215 697 1245 necesse
736 1206 845 1244 erat
884 1200 1035 1243 animi
1072 1198 1204 1243 bona
1241 1213 1494 1252 exercere,
1531 1212 1775 1259 regesque

299 1303 546 1346 innumeri
566 1298 753 1345 honore
776 1301 959 1344 artium
979 1297 1274 1343 colebantur
1294 1303 1346 1342 et
1366 1299 1417 1342 in
1437 1299 1775 1342 ostentatione

300 1400 386 1446 has
415 1399 773 1463 praeferebant
802 1415 940 1462 opes,
970 1397 1403 1443 immortalitatem
1432 1397 1524 1442 sibi
1551 1413 1643 1460 per
1670 1396 1777 1442 illas

298 1503 553 1564 prorogari
577 1501 908 1553 a1·bitrantes;
952 1514 1104 1560 quare
1130 1497 1456 1543 abundabant
1480 1504 1532 1542 et
1554 1499 1777 1560 praemia

251 1608 351 1647 fiet
396 1616 548 1663 opera
593 1603 743 1646 vitae.
810 1601 1023 1662 posteris
1068 1597 1248 1643 laxitas
1294 1596 1468 1643 mundi
1514 1603 1567 1643 et
1611 1613 1776 1642 rerum

300 1700 578 1764 amplitudo
601 1699 784 1745 damno
809 1699 919 1745 fuit.
986 1705 1255 1761 postquam
1279 1704 1481 1743 senator
1502 1713 1654 1742 censu
1678 1696 1776 1759 legi

299 1808 525 1864 coeptus,
564 1800 716 1846 iudex
756 1799 861 1845 fieri
898 1815 1069 1854 censu,
1107 1800 1460 1860 magistratum
1497 1796 1777 1859 ducemque

301 1900 421 1946 nihil
480 1916 721 1946 exornare
781 1916 931 1961 quam
989 1915 1184 1953 census,
1242 1904 1510 1960 postquam
1567 1913 1776 1960 coepere

301 2002 488 2047 orbitas
544 2004 594 2046 in
650 2002 951 2046 auctoritate
1009 2014 1203 2044 summa
1259 2004 1312 2044 et
1367 1999 1597 2060 potentia
1652 2013 1778 2053 esse,

300 2103 523 2164 captatio
562 2103 612 2145 in
653 2107 867 2162 quaestu
907 2097 1228 2153 fertilissimo,
1269 2114 1324 2143 ac
1365 2097 1468 2143 sola
1507 2096 1692 2159 gaudia
1729 2100 1779 2142 in

301 2200 619 2264 possidendo,
658 2216 859 2263 pessum
900 2201 1002 2244 iere
1043 2200 1177 2244 vitae
1216 2199 1398 2261 pretia,
1438 2212 1710 2259 omnesque
1751 2213 1779 2242 a

302 2304 520 2346 maximo
560 2301 690 2346 bono
729 2298 958 2345 liberales
1009 2297 1174 2343 dictae
1215 2304 1348 2343 artes
1390 2299 1438 2341 in
1477 2299 1779 2343 contrarium

584 2426 600 2450 ²
628 2426 713 2464 iam
734 2426 851 2463 sint?
884 2423 1081 2476 Mayhoff
1092 2438 1104 2463 ε
1135 2435 1185 2463 ea
1203 2424 1288 2463 sint
1309 2429 1381 2463 aul
1402 2423 1502 2463 sint.

583 2479 599 2504 ²
635 2479 666 2519 V
670 2479 711 2518 .l.
733 2478 939 2529 adeoque,

310 2557 393 2601 188
