1940 2998
614 210 859 256 PLINY:
923 210 1253 257 NATURAL
1298 210 1596 258 HISTORY

261 345 338 384 188
428 337 655 383 LXXIV.
687 337 841 383 Caedi
860 340 1218 400 tempestivum
1238 354 1367 400 quae
1384 337 1772 394 decorticentur,
1788 346 1845 385 ut

365 438 555 477 teretes
576 430 639 476 ad
658 431 849 495 templa
867 437 1139 493 ceteraque
1161 448 1276 477 usus
1295 431 1514 487 rotundi,
1533 448 1646 478 cum
1664 435 1845 496 germi-

366 531 506 579 nant,
531 523 651 570 alias
675 527 861 570 cortice
886 524 1220 570 inextricabili
1256 531 1310 571 et
1344 528 1474 571 carie
1511 526 1844 572 subnascente

366 621 412 664 ei
448 620 759 680 materiaque
797 620 1132 680 nigrescente,
1156 621 1299 681 tigna
1329 625 1382 664 et
1412 619 1590 681 quibus
1623 618 1843 666 auferat1

364 714 548 758 securis
579 714 819 757 corticem
851 728 880 756 a
912 711 1088 757 bruma
1118 711 1183 757 ad
1214 710 1465 757 favonium
1497 719 1602 768 aut,
1633 715 1672 758 si
1702 729 1844 776 prae-

365 808 532 851 venire
555 821 809 867 cogamur,
832 807 1016 850 arcturi
1038 821 1216 851 occasu
1239 812 1292 851 et
1315 812 1433 851 ante
1457 823 1572 852 eum
1597 806 1843 862 fidiculae,

364 901 628 944 novissima
681 901 873 945 ratione
928 898 1168 944 solstitio:
1238 899 1344 945 dies
1397 899 1615 945 siderum
1668 899 1844 946 horum

363 992 640 1038 reddentur
663 1009 752 1038 suo
776 992 898 1038 loco.
970 992 1116 1055 vulgo
1140 995 1260 1038 satis
1282 999 1467 1056 putant
1491 993 1756 1040 observare
1781 1011 1845 1040 ne

365 1103 463 1148 qua
503 1085 786 1131 dedolanda
825 1092 1080 1131 sternatur
1120 1093 1238 1132 ante
1281 1086 1442 1133 editos
1483 1103 1596 1133 suos
1636 1086 1842 1133 fructus.

262 1187 339 1226 189
362 1180 511 1225 robur
542 1196 657 1225 vere
693 1196 895 1226 caesum
931 1179 1215 1225 teredinem
1251 1182 1424 1235 sentit,
1460 1181 1638 1226 bruma
1674 1188 1845 1227 autem

364 1290 529 1335 neque
588 1276 793 1319 vitiatur
850 1290 1014 1335 neque
1071 1273 1340 1336 pandatur,
1398 1273 1517 1320 alias
1575 1274 1845 1320 obnoxium

364 1370 518 1413 etiam
564 1373 621 1413 ut
665 1373 903 1429 torqueat
948 1383 1057 1413 sese
1096 1366 1373 1430 findatque,
1411 1367 1544 1430 quod
1579 1370 1630 1413 in
1666 1368 1844 1415 subere

263 1468 339 1507 190
362 1463 665 1524 tempestive
713 1477 912 1523 quoque
959 1477 1105 1506 caeso
1147 1463 1330 1506 evenit.
1399 1461 1649 1507 infinitum
1688 1461 1845 1508 refert

363 1561 417 1600 et
451 1553 635 1600 lunaris
670 1557 816 1609 ratio,
848 1571 941 1600 nec
976 1557 1068 1600 nisi
1105 1570 1133 1599 a
1167 1569 1229 1599 xx
1264 1557 1314 1599 in
1349 1569 1443 1599 xxx
1478 1555 1621 1601 caedi
1657 1555 1842 1602 volunt.

364 1651 495 1694 inter
534 1664 706 1694 ornnes
747 1664 863 1694 vero
903 1650 1136 1694 convenit
1177 1647 1438 1694 utilissime
1478 1651 1529 1694 in
1567 1651 1701 1694 coitu
1740 1652 1843 1696 eius

363 1745 534 1797 sterni,
572 1758 722 1803 quem
758 1741 893 1787 diem
931 1741 1011 1786 alii
1046 1741 1317 1797 interlunii,
1354 1741 1436 1786 alii
1471 1741 1660 1788 silentis
1696 1742 1843 1790 lunae

363 1834 634 1899 appellant.
702 1838 770 1881 sic
822 1842 960 1881 certe
1013 1836 1238 1881 Tiberius
1293 1835 1477 1881 Caesar
1527 1844 1844 1883 concremato

360 1936 516 1992 ponte
543 1928 913 1975 naumachiario
939 1929 1113 1975 larices
1141 1929 1205 1975 ad
1230 1929 1600 1976 restituendum
1624 1930 1769 1976 caedi
1792 1932 1841 1976 in

260 2030 333 2068 191
360 2023 541 2068 Raetia
581 2022 880 2086 praefinivit.
950 2022 1154 2085 quidam
1199 2022 1374 2069 dicunt
1417 2029 1475 2069 ut
1516 2025 1568 2068 in
1611 2026 1744 2069 coitu
1791 2031 1843 2070 et

364 2116 455 2162 sub
486 2122 622 2161 terra
652 2119 717 2162 sit
749 2116 882 2171 luna,
915 2116 1049 2179 quod
1081 2116 1186 2162 fieri
1219 2133 1318 2162 non
1347 2123 1518 2180 potest
1549 2118 1641 2162 nisi
1672 2124 1840 2163 noctu.

823 2213 837 2235 ¹
873 2213 1185 2262 Warmivyton:
1217 2212 1372 2252 aufert.

413 2336 430 2353 ¹¹
459 2329 739 2379 Presumably
767 2329 842 2368 the
874 2333 1087 2368 structure
1122 2330 1247 2369 made
1281 2329 1347 2368 for
1378 2330 1454 2368 the
1487 2330 1677 2369 ‘navalis
1707 2331 1840 2381 proeli

359 2383 619 2433 spectaclum
636 2382 644 2398 ’
696 2384 1037 2430 (Monumentum
1083 2383 1360 2433 Ancyranum
1407 2384 1463 2422 iv.
1498 2385 1567 2433 43)
1607 2385 1733 2433 given
1782 2384 1838 2435 by

361 2436 580 2486 Augustus
610 2437 651 2475 in
683 2439 707 2476 2
739 2449 820 2475 13.c.
843 2441 888 2474 at
917 2438 990 2475 the
1021 2436 1264 2475 dedication
1291 2436 1339 2474 of
1363 2437 1437 2475 the
1466 2436 1626 2487 temple
1655 2437 1703 2475 of
1726 2437 1841 2476 Mara

361 2489 511 2535 Ultor3
542 2490 607 2528 for
634 2490 722 2528 this
741 2502 767 2527 a
788 2489 908 2528 basin
928 2502 1014 2528 was
1043 2489 1143 2540 dug,
1172 2489 1383 2541 probably
1410 2491 1453 2529 in
1482 2489 1556 2528 the
1577 2488 1767 2530 Gardens
1796 2491 1845 2529 of

360 2542 514 2582 Caesar
532 2555 672 2582 across
691 2543 766 2582 the
786 2542 925 2582 Tiber.

362 2624 450 2670 510
