1925 2998
574 210 820 258 PLINY:
884 209 1215 257 NATURAL
1260 208 1557 255 HISTORY

327 340 514 386 femina
552 337 751 394 sterilis,
787 339 880 383 nisi
920 336 1054 399 quod
1090 343 1144 383 et
1182 335 1360 383 fertilis
1401 334 1669 399 aliquando
1707 351 1806 381 non

321 433 435 480 fert.

221 534 301 574 248
387 525 564 573 XCIV.
596 525 797 571 Viscum
823 525 879 571 fit
899 542 961 571 ex
982 526 1132 571 acinis
1150 526 1234 586 qui
1253 523 1554 587 colliguntur
1573 526 1807 570 messium

325 629 553 682 tempore
577 622 840 673 inmaturi3
875 635 990 663 nam
1013 621 1051 664 si
1075 634 1330 664 accessere
1355 617 1555 673 imbres,
1577 617 1808 679 amplitu-

325 715 441 761 dine
478 713 682 776 quidem
719 719 985 775 augentur,
1015 713 1147 758 visco
1175 728 1292 757 vero
1321 717 1650 757 marcescunt.
1719 713 1807 757 sic-

324 815 500 855 cantur
530 806 714 853 deinde
745 813 798 852 et
829 805 953 852 aridi
983 805 1264 851 tunduntur
1295 821 1352 850 ac
1380 804 1568 851 conditi
1598 807 1649 850 in
1679 821 1809 867 aqua

325 907 621 964 putrescunt
645 899 889 946 duodenis
915 898 1019 945 fere
1040 899 1235 955 diebus,
1252 914 1508 960 unumque
1527 896 1620 944 hoc
1644 914 1808 944 rerum

325 994 660 1059 putrescendo
708 996 924 1057 gratiam
973 995 1178 1039 invenit.
1247 991 1364 1038 inde
1413 994 1464 1037 in
1510 990 1809 1054 profluente,

325 1106 489 1136 rursus
519 1088 700 1134 malleo
730 1090 847 1143 tusi,
877 1089 1068 1132 amissis
1097 1086 1365 1132 corticibus
1394 1088 1632 1132 interiore
1661 1102 1808 1131 carne

326 1183 625 1230 lentescunt.
693 1180 787 1227 hoc
845 1188 922 1227 est
980 1183 1166 1226 viscum
1225 1181 1388 1241 pinnis
1446 1181 1610 1225 avium
1667 1186 1807 1225 tactu

324 1276 536 1341 ligandis
559 1275 670 1322 oleo
694 1275 958 1321 subactum
981 1291 1095 1320 cum
1119 1273 1276 1319 libeat
1299 1272 1503 1319 insidias
1527 1272 1701 1319 moliri.

222 1378 302 1417 249
387 1369 538 1417 XCV.
579 1369 690 1415 Non
722 1375 800 1415 est
834 1367 1117 1414 omittenda
1152 1370 1200 1412 in
1236 1366 1328 1412 hac
1362 1383 1415 1413 re
1450 1373 1503 1413 et
1537 1365 1808 1412 Galliarum

325 1465 603 1512 admiratio.
659 1461 780 1509 nihil
804 1461 994 1508 habent
1021 1460 1383 1508 Druidae—ita
1410 1476 1522 1507 suos
1552 1459 1808 1522 appellant

325 1560 695 1622 magos—visco
728 1563 781 1603 et
815 1556 989 1602 arbore
1023 1558 1073 1600 in
1107 1571 1205 1617 qua
1230 1557 1484 1618 gignatur,
1509 1533 1548 1600 si
1573 1553 1722 1600 modo
1745 1556 1810 1601 sit

326 1653 491 1708 robur,
520 1654 775 1698 sacratius.
844 1653 943 1696 iam
972 1666 1062 1711 per
1091 1665 1143 1695 se
1173 1649 1406 1695 roborum
1436 1647 1630 1711 eligunt
1658 1647 1809 1704 lucos,

326 1764 418 1793 nec
447 1746 546 1792 ulla
578 1761 717 1791 sacra
745 1747 851 1790 sine
885 1760 1057 1790 earum
1091 1741 1266 1788 fronde
1295 1741 1581 1796 conficiunt,
1606 1748 1664 1787 ut
1693 1741 1809 1787 inde

327 1839 565 1903 appellati
625 1854 824 1901 quoque
885 1839 1305 1899 interpretatione
1367 1835 1561 1881 Graeca
1620 1837 1809 1896 possint

328 1934 551 1980 Druidae
598 1932 782 1986 videri3
833 1938 943 1977 tum
991 1946 1107 1976 vero
1126 1929 1144 1959 1
1187 1928 1431 1991 quidquid
1477 1927 1810 1991 adgnascatur

326 2028 418 2074 illis
452 2044 479 2073 e
512 2026 650 2073 caelo
683 2028 887 2071 missum
921 2030 1105 2086 putant
1138 2026 1437 2086 signumque
1472 2038 1580 2068 esse
1614 2021 1808 2068 electae

223 2128 303 2168 250
327 2122 390 2168 ab
419 2124 526 2183 ipso
555 2120 651 2167 deo
682 2119 883 2165 arboris.
953 2124 1031 2164 est
1061 2123 1234 2163 autem
1263 2116 1314 2163 id
1343 2132 1508 2162 rarum
1538 2114 1808 2162 admodum

327 2219 536 2261 inventu
560 2221 613 2260 et
636 2219 895 2275 repertum
919 2227 1104 2274 magna
1128 2210 1369 2273 religione
1394 2211 1587 2272 petitur
1611 2215 1665 2256 et
1689 2215 1807 2255 ante

327 2312 494 2356 omnia
520 2314 666 2354 sexta
693 2306 811 2353 luna
839 2305 988 2368 (quae
1018 2306 1259 2366 principia
1288 2319 1516 2349 mensum
1545 2319 1807 2348 annorum-

329 2419 426 2465 que
450 2401 525 2448 his
550 2400 690 2463 facit)
715 2407 767 2446 et
791 2398 975 2446 saeculi
999 2404 1113 2459 post
1136 2399 1442 2443 tricesimum
1467 2412 1668 2452 annum,
1692 2398 1807 2458 quja

679 2531 694 2555 1
724 2534 818 2569 tum
840 2532 970 2569 vero?
1004 2527 1201 2579 Mayhoff
1215 2542 1223 2567 ε
1253 2527 1486 2567 enimvero.

326 2605 415 2664 548
