1925 2998
250 704 326 743 237

255 1426 335 1466 238

268 2148 347 2187 239

597 207 843 254 PLINY:
908 205 1238 252 NATURAL
1282 203 1579 251 HISTORY

350 337 458 382 urbi
480 334 807 397 intellegitur,
824 340 880 379 ut
901 339 1074 378 auctor
1093 338 1170 378 est
1191 330 1456 377 Masurius.
1514 329 1706 376 radices
1726 332 1831 376 eius

351 430 402 473 in
428 425 589 471 forum
615 441 771 486 usque
799 423 1022 469 Caesaris
1055 439 1146 484 per
1177 424 1420 468 stationes
1452 423 1833 482 municipiorum

352 522 638 578 penetrant.
708 514 803 559 fuit
856 530 969 559 cum
1022 529 1082 558 ea
1123 528 1384 573 cupressus
1434 510 1654 572 aequalis
1706 513 1835 556 circa

354 622 587 668 suprema
610 604 820 650 Neronis
842 606 1076 665 principis
1102 602 1332 664 prolapsa
1357 609 1510 663 atque
1537 600 1786 663 neglecta.

415 694 721 742 LXXXVII.
751 693 1007 740 Vetustior
1024 700 1195 738 autem
1212 692 1333 737 urbe
1351 694 1401 736 in
1414 691 1656 737 Vaticano
1672 690 1771 737 ilex
1786 694 1837 737 in

356 804 454 848 qua
474 785 648 831 titulus
671 801 846 830 aereus
866 784 885 812 1
906 784 1085 829 litteris
1107 783 1328 828 Etruscis
1348 781 1589 843 religione
1611 782 1838 827 arborem

356 881 453 923 iam
490 884 599 922 tum
629 876 834 938 dignam
866 873 1017 919 fuisse
1048 872 1310 935 significat.
1377 872 1610 917 Tiburtes
1641 887 1839 934 quoque

357 970 601 1030 originem
634 964 793 1011 multo
827 971 946 1010 ante
981 964 1157 1009 urbem
1192 963 1402 1008 Romam
1434 961 1654 1017 habent3
1708 961 1841 1023 apud

359 1075 443 1104 eos
469 1063 648 1103 extant
672 1055 808 1101 ilices
833 1062 936 1101 tres
962 1057 1117 1100 etiam
1141 1054 1361 1098 Tiburno
1385 1052 1645 1098 conditore
1671 1068 1842 1098 eorum

357 1151 674 1201 vetustiores,
706 1146 840 1207 apud
877 1161 999 1207 quas
1036 1147 1364 1206 inauguratus
1395 1142 1640 1196 traditur3
1689 1141 1841 1188 fuisse

361 1245 532 1284 autem
586 1253 702 1283 eum
755 1236 963 1282 tradunt
1017 1234 1171 1280 filium
1224 1232 1518 1295 Amphiarai
1571 1235 1656 1294 qui
1711 1231 1844 1294 apud

356 1328 553 1375 Thebas
577 1327 757 1373 obierit
781 1342 880 1372 una
902 1332 1075 1372 aetate
1099 1331 1218 1369 ante
1244 1323 1452 1369 Iliacum
1473 1321 1676 1368 bellum.

424 1416 760 1465 LXXXVIII.
789 1415 916 1462 Sunt
939 1422 1167 1461 auctores
1191 1421 1243 1460 et
1266 1412 1564 1475 Delphicam
1586 1412 1846 1474 platanum

363 1510 756 1572 Agamemnonis
795 1523 947 1552 manu
985 1512 1148 1552 satam
1185 1511 1238 1550 et
1273 1504 1483 1550 alteram
1522 1506 1571 1548 in
1607 1481 1849 1566 Caphya2

364 1599 610 1646 Arcadiae
627 1597 773 1643 loco.³
840 1603 956 1642 sunt
972 1595 1121 1642 hodie
1139 1612 1201 1641 ex
1219 1594 1426 1640 adverso
1444 1593 1700 1639 Iliensium
1716 1594 1849 1639 urbis

365 1694 507 1736 iuxta
538 1688 923 1749 Hellespontum
961 1689 1012 1732 in
1052 1683 1312 1731 Protesilai
1350 1682 1611 1745 sepulchro
1651 1683 1850 1729 arbores

367 1796 496 1842 quae
526 1779 755 1825 omnibus
786 1794 848 1823 ex
879 1794 939 1823 eo
969 1779 1121 1832 aevis,
1145 1792 1259 1821 cum
1284 1778 1334 1820 in
1358 1781 1560 1820 tantum
1583 1773 1851 1820 adcrevere

369 1878 425 1916 ut
460 1870 606 1915 Ilium
640 1871 902 1930 aspiciant,
927 1870 1214 1912 inarescunt
1239 1880 1506 1926 rursusque
1533 1864 1852 1918 adolescunt;

369 1964 511 2007 iuxta
539 1960 715 2006 urbem
745 1965 916 2004 autem
947 1973 1156 2019 quercus
1181 1959 1231 2002 in
1260 1955 1317 2001 Ili
1343 1954 1535 2001 tumulo
1564 1961 1684 2000 tunc
1712 1961 1852 2000 satae

370 2051 604 2097 dicuntur
626 2066 740 2095 cum
764 2050 931 2109 coepit
958 2047 1105 2094 Ilium
1128 2048 1307 2092 vocari.

437 2139 719 2186 LXXXIX.
765 2139 912 2200 Argis
943 2137 1053 2183 olea
1082 2139 1358 2182 etiamnum
1383 2135 1561 2181 durare
1586 2134 1768 2180 dicitur
1791 2133 1854 2181 ad

373 2247 523 2294 quam
557 2230 612 2275 Io
645 2232 694 2274 in
726 2235 924 2275 tauram
960 2233 1208 2272 mutatam
1244 2226 1408 2288 Argus
1445 2224 1736 2288 alligaverit.
1804 2226 1855 2270 in

875 2390 889 2413 1
919 2388 1139 2427 Huebner:
1171 2388 1316 2426 aereis.

868 2443 883 2466 ²
912 2441 1110 2492 Maykoff
1123 2456 1131 2480 :
1162 2440 1363 2491 Caphiae.

903 2495 1109 2535 Urlichs:
1140 2494 1250 2534 luco.

378 2608 466 2656 540
