1940 2998
590 213 834 259 PLINY:
899 212 1228 260 NATURAL
1273 211 1569 258 HISTORY

340 343 637 402 tenuiorque
678 347 729 386 et
768 343 888 402 ipsa.
957 341 1176 386 calamus
1215 356 1331 385 vero
1370 339 1492 385 alius
1530 345 1668 384 totus
1706 355 1819 384 con-

341 447 506 486 cavus,
553 447 703 492 quem
750 437 930 476 vocant
975 433 1247 493 syringian,
1294 429 1581 475 utilissimus
1629 428 1822 483 fistulis,

343 523 577 582 quoniam
595 518 715 565 nihil
734 527 811 566 est
830 523 876 566 ei
893 519 1197 583 cartilaginis
1218 526 1370 581 atque
1390 521 1566 565 carnis.
1637 516 1823 564 Orcho-

342 613 507 656 menio
565 617 618 656 et
674 609 791 656 nodi
847 613 1084 657 continuo
1140 608 1383 655 foramine
1438 611 1612 672 pervii,
1673 624 1823 671 quem

236 706 312 745 165
336 699 586 746 auleticon
617 707 825 754 vocant3
873 698 953 746 hic
984 700 1119 746 tibiis
1152 699 1336 754 utilior,
1369 697 1546 745 fistulis
1578 697 1676 744 ille.
1746 704 1823 744 est

343 790 465 835 alius
495 793 730 835 crassiore
759 789 894 852 ligno
924 797 977 836 et
1005 792 1148 836 tenui
1178 788 1448 843 foramine3
1495 787 1630 834 hunc
1658 794 1824 834 totum

343 879 554 942 fungosa
566 879 730 944 replet
745 879 978 926 medulla.
1048 879 1170 925 alius
1185 880 1398 934 brevior,
1415 878 1537 924 alius
1553 880 1824 941 procerior,

344 968 517 1016 exilior
550 973 870 1033 crassiorque.
940 969 1342 1016 fruticosissimus
1379 972 1463 1031 qui
1500 975 1705 1015 vocatur
1740 967 1826 1014 do-

343 1078 459 1117 nax,
497 1078 596 1106 non
633 1064 726 1107 nisi
763 1064 813 1106 in
851 1063 1093 1123 aquaticis
1132 1068 1298 1116 natus,
1337 1063 1574 1122 quoniam
1612 1066 1666 1105 et
1702 1057 1826 1105 haec

344 1150 626 1197 differentia
660 1158 754 1207 est,
788 1151 1003 1197 multum
1035 1150 1264 1214 praelata
1296 1149 1577 1196 harundine
1612 1166 1741 1212 quae
1775 1152 1825 1194 in

239 1249 315 1287 166
339 1245 477 1287 siccis
508 1244 786 1304 proveniat.
855 1259 999 1287 suum
1032 1258 1191 1304 genus
1226 1244 1490 1304 sagittario
1525 1240 1734 1296 calamo,
1768 1246 1826 1286 ut

344 1332 575 1387 diximus,
615 1331 704 1378 sed
744 1331 959 1387 Cretico,
999 1331 1295 1394 longissimis
1334 1330 1645 1385 internodiis,
1685 1331 1826 1376 obse-

345 1422 611 1485 quiosuml
659 1439 757 1484 quo
805 1422 962 1467 libeat
1008 1421 1143 1467 flecti
1192 1420 1451 1467 calefacto.
1520 1419 1825 1467 differentias

345 1512 534 1558 faciunt
572 1519 623 1558 et
659 1511 775 1557 folia
811 1529 911 1558 non
946 1511 1268 1558 multitudine
1305 1512 1537 1571 <tantum
1579 1517 1632 1557 et
1671 1510 1828 1573 longi-

345 1602 592 1664 tudine>2
635 1619 807 1647 verum
852 1609 904 1648 et
947 1602 1126 1648 colore.
1194 1604 1330 1647 varia
1375 1601 1631 1646 Laconicis
1668 1607 1721 1646 et
1765 1600 1828 1645 ab

345 1695 444 1737 ima
462 1699 606 1754 parte
627 1691 874 1747 densiora,
895 1691 1066 1754 quales
1086 1694 1137 1736 in
1155 1698 1321 1737 totum
1341 1693 1469 1736 circa
1489 1698 1669 1752 stagna
1688 1692 1825 1752 gigni

343 1789 528 1844 putant
580 1781 840 1827 dissimiles
894 1784 1115 1837 amnicis,
1166 1780 1426 1844 longisque
1481 1782 1651 1825 vestiri
1701 1778 1828 1824 foliis

242 1879 317 1918 167
342 1875 605 1934 spatiosius
668 1888 697 1916 a
758 1871 889 1917 nodo
950 1871 1226 1917 scandente
1289 1870 1569 1933 complexu.
1638 1876 1715 1915 est
1777 1876 1830 1915 et

347 1962 547 2024 obliqua
587 1961 831 2017 harundo,
872 1978 971 2006 non
1011 1964 1061 2006 in
1103 1960 1451 2006 excelsitatem
1491 1976 1699 2005 nascens
1740 1958 1828 2005 sed

348 2056 488 2098 iuxta
519 2060 707 2098 terram
738 2051 928 2097 fruticis
960 2051 1110 2097 modo
1154 2068 1207 2097 se
1252 2067 1509 2114 spargens,
1540 2052 1829 2096 suavissima

348 2145 398 2188 in
413 2145 687 2188 teneritate
706 2141 999 2187 animalibus
1017 2157 1027 2188 :
1056 2148 1261 2187 vocatur
1279 2157 1307 2185 a
1326 2139 1623 2202 quibusdam
1640 2139 1830 2185 eletia.³

350 2239 426 2278 est
458 2239 510 2277 et
540 2235 590 2276 in
623 2231 769 2276 Italia
796 2231 1031 2294 palustris
1062 2247 1124 2276 ex
1154 2233 1338 2276 cortice
1369 2236 1570 2276 tantum
1600 2229 1692 2275 sub
1720 2231 1828 2292 ipsa

413 2370 427 2393 ¹
459 2369 697 2408 Rackham:
729 2369 1082 2419 obsequiumque.

409 2423 424 2445 2
456 2422 685 2472 Maylzosfe
708 2422 936 2472 Theophr.:
988 2420 1214 2475 (tantum)
1248 2421 1491 2467 Pintianus,
1525 2433 1611 2460 non
1647 2418 1828 2474 (modo)

356 2476 632 2514 multitudine
652 2476 748 2514 Ian.

410 2530 425 2552 ³
457 2528 688 2580 Detlefsen:
721 2529 840 2567 ssetia
866 2528 1057 2567 Urlichs:
1095 2528 1241 2579 elegia.

350 2619 439 2662 494
