1909 2998
234 645 281 683 13

235 1206 285 1244 14

237 1848 285 1886 15

565 187 809 233 PLINY:
875 185 1205 232 NATURAL
1250 184 1547 232 HISTORY

314 332 473 362 cruce.
513 317 826 378 rumpotinus
843 320 1048 360 vocatur
1064 320 1116 359 et
1133 312 1227 358 alio
1244 315 1444 359 nomine
1460 311 1636 376 opulus
1653 312 1798 358 arbor

317 395 494 442 Italiae
526 394 718 441 Padum
748 396 1088 457 transgressis,
1118 396 1255 439 cuius
1285 392 1516 439 tabulata
1545 395 1595 438 in
1625 393 1796 439 orbem

313 476 487 540 patula
506 475 706 539 replent
725 491 951 538 puroque
972 473 1249 537 perductae
1271 473 1487 520 dracone
1508 476 1558 518 in
1577 472 1797 536 palmam

314 559 437 612 eius,
461 556 578 602 inde
609 558 660 601 in
690 556 948 601 subrectos
979 571 1230 600 ramorum
1259 554 1444 617 digitos
1474 552 1673 617 flagella
1701 553 1798 600 dis-

312 644 548 700 pergunt.
617 635 829 682 eaedem
853 635 1035 681 modici
1059 633 1272 680 hominis
1297 633 1565 680 altitudine
1591 633 1798 680 admini-

313 717 510 763 culatae
541 716 746 762 sudibus
777 715 982 762 horrent
1011 718 1309 777 vineamque
1342 713 1533 760 faciunt
1565 730 1592 760 e
1624 713 1760 760 talea
1779 713 1798 742 1

315 798 522 860 inprobo
568 795 915 860 perticarum²
959 802 1166 858 reptatu
1211 797 1662 858 pampinorumque
1708 809 1799 858 per

315 880 481 923 inania
509 875 710 922 omnia3
745 876 969 922 discursu
997 877 1126 921 atria
1153 874 1322 921 media
1343 873 1652 938 conplentes.
1720 881 1799 920 tot

314 956 621 1004 differentias
646 956 725 1002 vel
750 955 854 1001 sola
877 962 1081 1001 tantum
1107 955 1256 1001 Italia
1279 953 1473 1018 recipit.

379 1036 493 1082 Stat
517 1039 885 1100 provinciarum
913 1035 1194 1098 aliquarum
1219 1051 1311 1098 per
1342 1051 1396 1081 se
1423 1037 1537 1081 vitis
1566 1037 1672 1081 sine
1700 1034 1799 1080 ullo

314 1117 640 1181 pedamento,
673 1123 810 1162 artus
830 1115 850 1145 4
882 1132 995 1161 suos
1028 1118 1078 1160 in
1103 1131 1157 1161 se
1189 1114 1429 1178 colligens
1463 1122 1515 1161 et
1546 1115 1798 1161 brevitate

315 1196 697 1244 crassitudinem
730 1212 957 1260 pascens.
1026 1202 1204 1242 vetant
1237 1194 1331 1241 hoc
1367 1195 1517 1241 aliubi
1553 1198 1709 1250 venti,
1743 1202 1800 1241 ut

316 1281 366 1323 in
409 1276 580 1323 Africa
623 1284 676 1323 et
720 1276 1058 1322 Narbonensis
1099 1278 1385 1339 provinciae
1427 1276 1672 1339 partibus,
1716 1275 1800 1321 ubi

317 1374 605 1405 excrescere
638 1357 770 1403 ultra
803 1373 916 1403 suos
947 1356 1153 1420 pollices
1184 1355 1469 1420 prohibitae
1502 1372 1800 1419 semperque

313 1441 579 1502 pastinatis
605 1437 789 1484 similes
818 1436 1087 1483 herbarum
1116 1436 1265 1482 modo
1291 1443 1538 1499 vagantur
1564 1453 1656 1499 per
1685 1452 1801 1482 arva

319 1537 375 1565 ac
420 1536 592 1565 sucum
635 1526 802 1565 terrae
845 1521 1032 1581 passim
1076 1520 1182 1563 uvis
1227 1518 1424 1572 bibunt,
1470 1533 1599 1580 quae
1644 1517 1707 1563 ob
1750 1515 1802 1563 id

317 1598 719 1662 magnitudinem
740 1597 1010 1644 infantium
1029 1614 1302 1663 puerorum
1323 1600 1374 1643 in
1396 1600 1634 1643 interiore
1655 1604 1801 1660 parte

317 1679 518 1726 Africae
566 1686 887 1742 exsuperant.
956 1681 1071 1724 vina
1117 1695 1217 1724 non
1265 1677 1381 1724 alibi
1428 1680 1666 1733 tristiora,
1713 1677 1803 1723 sed

318 1777 413 1806 uva
455 1776 555 1806 non
597 1759 715 1806 alibi
757 1761 947 1822 gratior
989 1758 1132 1814 callo,
1178 1758 1311 1804 unde
1354 1761 1512 1822 possit
1555 1760 1801 1804 invenisse

321 1857 504 1887 nomen
534 1840 685 1886 durus
716 1842 900 1885 acinus.
970 1855 1187 1901 namque
1218 1855 1406 1901 genera
1436 1837 1801 1901 magnitudine,

316 1920 497 1975 colore,
540 1920 796 1984 saporibus
840 1922 968 1965 acini
1011 1922 1273 1965 innumera
1316 1921 1593 1965 etiamnum
1636 1917 1803 1964 multi-

316 2000 565 2064 plicantur
606 2003 720 2046 vino
755 2016 765 2045 :
836 1999 915 2045 hic
960 2016 1213 2064 purpureo
1248 1999 1420 2045 lucent
1471 1998 1652 2054 colore,
1705 1997 1802 2044 illic

318 2080 516 2144 fulgent
572 2097 714 2127 roseo
772 2083 1040 2143 nitentque
1098 2079 1270 2135 viridi3
1345 2079 1610 2126 candicans
1670 2081 1802 2125 enim

713 2191 729 2214 1
758 2189 883 2239 Silliq
903 2204 911 2229 :
942 2194 986 2228 et
1007 2189 1103 2229 alia.

711 2244 726 2267 2
763 2243 841 2283 V.l.
863 2256 941 2282 om.
964 2244 1240 2294 perticarum.

710 2297 726 2320 ³
757 2296 953 2347 Mayhoss
967 2312 975 2335 ε
1006 2297 1206 2347 peritiam
1227 2296 1400 2336 damna.

711 2351 726 2373 ⁴
763 2350 840 2390 VJ.
862 2363 998 2389 arcus.

845 2513 861 2531 ⁰
892 2507 1084 2558 Perhaps
1105 2523 1129 2547 a
1152 2509 1306 2560 maple.

326 2599 409 2643 194
