1909 2998
565 203 810 250 PLINY:
876 204 1206 251 NATURAL
1252 204 1549 252 HISTORY

319 331 560 393 aquilonis
579 335 695 386 situ,
715 349 777 377 ex
797 335 963 394 opacis
981 331 1226 378 horridior
1244 335 1474 395 virusque
1491 331 1800 396 praeferens,

318 423 498 488 frigida
530 424 695 471 hieme
730 425 950 471 deterior
983 442 1039 472 ac
1072 428 1234 472 minus
1266 428 1466 489 copiosa
1499 432 1552 472 et
1584 425 1798 472 decolor.

234 525 286 564 60
312 517 515 580 quidam
533 519 839 564 arbitrantur
855 521 905 564 in
923 522 1197 565 montuosis
1217 521 1361 582 copia
1378 522 1801 582 praestantiorem

236 1367 284 1405 61

240 1928 292 1967 62

320 628 375 656 36
391 611 552 658 colore
571 618 624 658 et
641 611 914 658 dulciorem
932 612 1055 668 fieri,
1073 612 1278 659 odorem
1295 628 1493 675 quoque
1511 615 1801 675 gratiorem,

319 705 438 751 dum
462 708 625 752 resina
648 708 730 761 sit,
754 705 1018 752 decoctam
1042 713 1215 752 autem
1239 708 1400 751 minus
1423 708 1546 769 picis
1569 705 1802 762 reddere,

320 802 554 861 quoniam
595 801 646 844 in
682 799 885 845 serum1
923 800 1089 856 abeat,
1121 801 1477 862 tenuioresque
1521 815 1630 845 esse
1668 802 1800 863 ipsas

320 893 519 939 arbores
557 909 707 955 quam
743 896 794 938 in
829 893 1006 956 planis,
1043 892 1132 939 sed
1168 891 1256 939 has
1294 900 1347 939 et
1382 892 1488 939 illas
1526 895 1802 939 serenitate

320 986 603 1032 steriliores.
673 985 890 1032 fructum
948 986 1197 1049 quaedam
1251 1003 1497 1051 proxumo
1553 1003 1683 1032 anno
1740 987 1803 1033 ab

319 1082 476 1125 incisu
524 1080 818 1143 largiuntur,
869 1080 996 1126 aliae
1046 1079 1283 1135 secundo,
1334 1079 1584 1142 quaedam
1632 1083 1800 1126 tertio.

321 1173 553 1237 expletur
588 1181 760 1220 autem
794 1174 945 1237 plaga
979 1177 1159 1228 resina,
1195 1190 1295 1219 non
1329 1176 1515 1220 cortice
1551 1190 1644 1219 nec
1678 1176 1804 1220 cica-

320 1270 463 1323 trice,
487 1284 616 1330 quae
638 1271 689 1313 in
711 1266 803 1313 hac
827 1268 1001 1313 arbore
1026 1284 1126 1313 non
1147 1270 1263 1312 coit.

386 1361 526 1407 Inter
563 1359 688 1407 haec
726 1378 915 1424 genera
951 1364 1205 1424 propriam
1245 1360 1449 1423 quidam
1487 1359 1655 1407 fecere
1694 1378 1804 1424 sap-

319 1457 510 1518 pinum,
541 1458 777 1517 quoniam
807 1472 870 1501 ex
899 1457 1200 1517 cognatione
1230 1453 1406 1500 harum
1435 1457 1618 1500 seritur
1646 1455 1804 1517 qualis

322 1548 457 1594 dicta
484 1555 561 1594 est
585 1552 635 1594 in
662 1548 876 1603 nucleis3
920 1548 1247 1611 eiusdemque
1274 1548 1460 1593 arboris
1485 1551 1610 1594 imas
1632 1555 1804 1612 partes

322 1642 498 1688 taedas
522 1650 720 1698 vocant,
743 1659 856 1688 cum
879 1645 943 1688 sit
966 1641 1048 1687 illa
1071 1643 1216 1688 arbor
1239 1641 1307 1687 nil
1331 1641 1464 1687 aliud
1489 1658 1639 1704 quam
1659 1645 1805 1705 picea

323 1735 536 1782 feritatis
586 1736 793 1799 paulum
846 1738 1110 1799 mitigatae
1163 1742 1293 1791 satu,
1346 1738 1583 1799 sappinus
1632 1742 1803 1782 autem

323 1833 558 1876 materies
583 1846 819 1876 caesurae
845 1846 1033 1892 genere
1061 1828 1165 1885 fiat,
1191 1832 1337 1875 sicuti
1363 1828 1669 1875 docebimus.

379 1923 562 1969 XXIV.
597 1922 846 1970 Materiae
864 1926 997 1970 enim
1012 1939 1162 1969 causa
1176 1923 1392 1985 reliquas
1410 1923 1608 1969 arbores
1625 1930 1805 1969 natura

323 2020 500 2079 genuit
523 2020 1012 2080 copiosissimamque
1037 2016 1301 2063 fraxinum.
1368 2033 1578 2080 procera
1599 2015 1725 2063 haec
1749 2034 1805 2063 ac

324 2117 475 2166 teres,
496 2114 706 2174 pinnata
730 2118 782 2157 et
804 2114 912 2174 ipsa
935 2110 1068 2166 folio,
1091 2110 1407 2173 multumque
1433 2110 1641 2156 Homeri
1661 2127 1805 2174 prae·-

324 2207 466 2250 conio
502 2211 554 2250 et
590 2203 792 2250 Achillis
827 2203 973 2250 hasta
1008 2204 1288 2250 nobilitata,
1357 2207 1593 2250 materies
1630 2210 1706 2250 est
1742 2204 1805 2250 ad

908 2325 923 2347 ²
963 2325 1037 2364 V.l.
1057 2324 1211 2365 ferum.

712 2519 766 2558 Il.
791 2519 891 2559 XX.
916 2521 994 2559 277
1016 2519 1176 2571 Πηλιάς
1207 2549 1215 2557 .
1249 2549 1258 2558 .
1292 2549 1300 2557 .
1332 2517 1465 2571 μελίη.

328 2596 416 2651 426
