1909 2998
266 426 312 463 71

265 935 316 974 72

599 219 843 266 PLINY:
908 220 1237 267 NATURAL
1282 220 1579 267 HISTORY

349 345 570 392 diffusius
617 354 668 392 et
713 347 966 393 densitate
1011 351 1280 410 parietum,
1326 351 1486 393 virens
1531 364 1729 412 semper
1772 365 1828 395 ac

350 418 544 464 tonsile.
613 420 773 465 buxus
842 419 1109 482 Pyrenaeis
1177 437 1233 465 ac
1299 422 1512 483 Cytoriis
1577 422 1828 467 montibus

347 491 560 554 plurima
587 499 639 538 et
668 492 967 555 Berecyntio
995 500 1179 547 tractu,
1208 497 1510 539 crassissima
1536 497 1587 538 in
1615 493 1828 549 Corsica,

349 563 502 610 florel
549 566 850 628 spernendo,
894 583 1023 628 quae
1065 583 1215 612 causa
1257 566 1602 612 amaritudinis
1642 566 1828 621 mellis3

348 653 521 684 semen
545 641 734 684 cunctis
761 640 1098 685 animantibus
1124 642 1350 685 invisum.
1420 656 1513 685 nec
1536 642 1588 684 in
1613 639 1828 703 Olympo

351 709 681 757 Macedoniae
740 713 984 775 gracilior,
1043 713 1132 758 sed
1190 713 1368 759 brevis.
1438 720 1575 758 amat
1632 711 1828 776 frigida,

348 785 586 847 aspera32
657 788 707 830 in
749 788 851 848 igni
908 803 1106 849 quoque
1149 785 1333 832 duritia
1383 802 1512 848 quae
1554 784 1702 842 ferro,
1737 802 1829 832 nec

349 856 549 903 flamma
573 875 665 904 nec
689 860 903 905 carbone
929 859 1054 906 utili.

412 930 599 978 XXIX.
638 931 778 978 Inter
829 932 917 978 has
971 940 1124 995 atque
1180 931 1445 996 frugiferas
1498 936 1709 979 materie
1762 936 1829 979 vi-

346 1006 573 1067 tiumque
643 1009 864 1051 amicitia
933 1010 1175 1069 accipitur
1236 1006 1413 1052 ulmus.
1484 1005 1664 1052 Graeci
1731 1006 1828 1053 duo

346 1094 535 1140 genera
569 1082 673 1124 eius
712 1096 922 1125 novere:
975 1080 1306 1125 montanam3
1341 1095 1470 1142 quae
1506 1083 1571 1125 sit
1605 1080 1828 1143 amplior,

347 1159 680 1214 campestrem
732 1168 861 1215 quae
914 1151 1166 1199 fruticosa.
1237 1152 1385 1199 Italia
1436 1153 1634 1199 Atinias
1684 1161 1829 1199 vocat

348 1224 704 1271 excelsissimas
740 1227 814 1288 (et
848 1243 911 1272 ex
945 1229 985 1271 is
1020 1229 1273 1272 siccaneas
1306 1225 1532 1289 praefert
1567 1243 1694 1289 quae
1730 1243 1829 1272 non

347 1300 445 1343 sint
462 1300 671 1361 riguae),
686 1299 899 1345 alterum
915 1315 1074 1362 genus
1093 1299 1324 1354 Gallicas,
1338 1302 1547 1345 tertium
1563 1306 1828 1356 nostrates,

347 1370 574 1417 densiore
618 1371 735 1418 folio
778 1380 830 1418 et
873 1373 935 1418 ab
979 1373 1158 1419 eodem
1198 1372 1431 1436 pediculo
1473 1376 1828 1429 numerosiore,

348 1452 579 1506 quartum
626 1446 865 1492 silvestre.
937 1446 1142 1492 Atiniae
1179 1462 1279 1491 non
1314 1445 1483 1492 ferunt
1519 1463 1828 1492 samaram—

346 1520 418 1563 ita
452 1526 656 1565 vocatur
691 1519 810 1565 ulmi
846 1536 1360 1582 semen—omnesque
1390 1519 1614 1565 radicum
1642 1519 1827 1583 plantis

344 1595 660 1653 proveniunt,
686 1593 905 1655 reliquae
933 1592 1020 1639 et4
1047 1596 1252 1639 semine.

410 1664 568 1711 XXX.
608 1665 749 1711 Nunc
774 1666 1109 1712 celeberrimis
1136 1667 1367 1712 arborum
1397 1666 1543 1712 dictis
1578 1667 1827 1729 quaedam

346 1740 396 1782 in
442 1742 724 1784 universum
770 1739 833 1785 de
880 1743 1070 1785 cunctis
1117 1739 1384 1785 indicanda
1431 1747 1563 1786 sunt.
1631 1747 1827 1786 montes

346 1819 517 1857 amant
540 1812 734 1866 cedrus,
758 1812 900 1867 larix,
925 1813 1078 1859 taeda
1103 1820 1155 1858 et
1179 1820 1382 1859 ceterae
1409 1829 1435 1859 e
1462 1814 1640 1875 quibus
1663 1817 1827 1859 resina

346 1887 584 1946 gignitur,
621 1889 743 1931 item
787 1885 1038 1948 aquifolia,
1076 1887 1254 1941 buxus,
1291 1886 1408 1942 ilex,
1444 1889 1717 1949 iuniperus,
1752 1894 1827 1933 te-

764 1984 777 2006 1
816 1983 1124 2033 Warmz'nqton:
1156 1982 1257 2022 flore
1276 1995 1375 2022 non.

767 2037 781 2059 2
811 2040 992 2087 aspera?
1027 2036 1245 2087 Mayhvoff:
1277 2038 1434 2087 aprica.

764 2089 780 2112 ³
813 2090 1030 2140 Mayhoff:
1063 2096 1351 2129 montuosam.
1374 2119 1377 2121 >

765 2144 782 2167 ⁴
810 2151 853 2182 et
873 2143 966 2182 add.
990 2145 1213 2183 Raclclzam.

402 2273 420 2291 ‘⁸
448 2267 537 2306 The
561 2268 643 2306 elm
668 2282 817 2319 ranges
842 2269 944 2307 with
968 2268 1042 2307 the
1066 2269 1223 2307 timber
1246 2274 1356 2308 trees
1381 2268 1560 2308 because
1583 2269 1617 2308 it
1640 2269 1826 2320 supplies

347 2321 503 2360 timber
524 2322 608 2360 and
634 2321 736 2361 with
758 2322 832 2361 the
854 2322 1090 2361 fruit-trees
1114 2322 1292 2361 because
1315 2323 1434 2361 vines
1455 2335 1527 2361 are
1547 2335 1693 2374 grown
1715 2335 1770 2362 on
1791 2324 1825 2362 it

347 2388 392 2413 as
411 2387 437 2413 a
456 2374 602 2413 trellis.

400 2426 416 2451 ὓ
445 2427 496 2466 111
518 2427 655 2474 habit,
679 2432 754 2466 not
776 2428 819 2466 in
840 2428 939 2467 size.

400 2486 414 2504 ⁶
440 2480 530 2519 The
551 2483 748 2531 meaning
772 2482 805 2519 is
826 2482 997 2520 suckers
1016 2483 1202 2532 growing
1226 2481 1336 2521 from
1359 2482 1434 2521 the
1454 2487 1572 2522 roots
1600 2481 1650 2521 of
1672 2495 1697 2521 a
1721 2486 1824 2529 tree,

347 2534 482 2572 which
509 2548 578 2573 are
599 2534 808 2573 detaehed
835 2535 921 2573 and
945 2535 1122 2586 planted
1148 2541 1193 2574 to
1217 2548 1331 2587 grow
1358 2537 1448 2575 into
1470 2536 1650 2575 another
1668 2541 1772 2576 trae.

351 2625 439 2668 434
