1909 2998
237 1628 284 1667 13

238 2239 288 2276 14

568 192 813 239 PLINY:
877 191 1206 238 NATURAL
1251 191 1547 239 HISTORY

315 321 520 382 insignis
572 321 830 381 utriusque
881 318 1082 381 linguae
1133 321 1473 375 monimentis,
1524 336 1796 382 numquam

315 405 432 451 folia
478 405 756 460 dimittens,
803 408 1076 467 statimque
1125 412 1178 451 et
1214 405 1457 451 Graeciae
1506 404 1797 453 fabulositas

315 491 560 556 superfuit
584 491 755 538 Iovem
778 493 869 538 sub
894 508 954 538 ea
975 509 1089 538 cum
1113 492 1316 556 Europa
1337 493 1681 549 concubuisse,
1703 510 1797 539 ceu

318 595 436 625 vero
467 596 566 624 non
598 578 694 624 alia
725 579 952 625 eiusdem
983 581 1183 641 generis
1216 585 1350 625 esset
1381 581 1432 624 in
1463 579 1657 642 Cypro!
1707 579 1798 626 sed

316 681 379 712 ex
407 682 467 711 ea
490 668 708 729 primum
733 668 784 710 in
809 669 918 729 ipsa
945 665 1114 721 Creta,
1141 673 1198 711 ut
1226 672 1303 712 est
1330 673 1510 711 natura
1536 665 1793 712 hominum

315 755 549 798 novitatis
588 752 749 808 avida,
786 752 978 815 platani
1017 759 1158 798 satae
1197 769 1561 815 regeneravere
1601 755 1796 808 vitium,

315 839 721 901 quandoquidem
762 839 1136 885 commendatio
1179 839 1366 885 arboris
1409 842 1515 885 eius
1557 856 1658 885 non
1701 840 1798 885 alia

314 928 470 972 maior
487 933 564 972 est
582 943 732 989 quam
747 926 877 972 soles
896 933 1092 972 aestate
1115 942 1303 980 arcere,
1321 925 1487 972 hieme
1507 926 1794 973 admittere.

315 1013 430 1059 inde
470 1015 519 1058 in
560 1012 759 1059 Italiam
799 1029 998 1075 quoque
1037 1030 1094 1058 ac
1133 1013 1418 1058 suburbana
1456 1029 1545 1059 sua
1585 1013 1794 1059 Claudio

313 1102 534 1163 principe
590 1099 819 1146 Marcelli
871 1096 1135 1146 Aesernini
1202 1098 1413 1146 libertus
1465 1099 1556 1146 sed
1608 1103 1692 1163 qui
1743 1117 1796 1147 se

313 1189 572 1250 potentiae
610 1203 759 1232 causa
798 1186 1023 1233 Caesaris
1060 1187 1252 1232 libertis
1290 1186 1602 1250 adoptasset,
1640 1187 1797 1250 spado

313 1273 623 1320 Thessalicus
642 1273 924 1337 praedives,
945 1281 1002 1319 ut
1023 1276 1204 1319 merito
1226 1273 1325 1319 dici
1343 1281 1515 1337 posset
1535 1276 1575 1320 is
1597 1291 1796 1336 quoque

318 1361 603 1424 Dionysius,
654 1360 913 1406 transtulit
963 1360 1015 1406 id
1064 1377 1238 1423 genus.
1308 1360 1592 1423 durantque
1645 1368 1698 1407 et
1748 1364 1797 1407 in

316 1448 464 1493 Italia
482 1455 721 1511 portenta
736 1455 983 1493 terrarum
997 1454 1202 1510 praeter
1223 1447 1308 1494 illa
1323 1447 1516 1494 scilicet
1537 1464 1667 1510 quae
1690 1450 1797 1512 ipsa

316 1537 623 1597 excogitavit
650 1534 814 1580 Italia.

381 1621 466 1667 VI.
505 1621 734 1684 Namque
771 1628 824 1668 et
857 1620 1260 1685 chamaeplatani
1306 1628 1546 1667 vocantur
1589 1628 1797 1668 coactae

315 1709 592 1764 brevitatis,
631 1711 866 1771 quoniam
904 1709 1136 1754 arborum
1174 1711 1330 1755 etiam
1367 1709 1570 1755 abortus
1608 1711 1795 1755 inveni-

317 1811 452 1850 mus3
489 1795 580 1841 hoc
606 1812 804 1858 quoque
829 1812 948 1858 ergo
984 1798 1035 1841 in
1058 1811 1245 1858 genere
1278 1795 1608 1858 pumilionum
1634 1795 1800 1842 infeli-

315 1885 439 1928 citas
484 1883 622 1929 dicta
668 1885 778 1928 erit.
848 1882 904 1929 fit
950 1889 1123 1928 autem
1170 1889 1223 1928 et
1268 1882 1468 1929 serendi
1513 1899 1700 1945 genere
1747 1890 1799 1929 et

316 1969 587 2017 recidendi.
654 1973 842 2033 primus
889 1969 943 2016 G.
994 1969 1185 2015 Matius
1233 1986 1293 2015 ex
1342 1972 1563 2032 equestri
1609 1970 1799 2026 ordine,

317 2057 415 2102 divi
456 2057 671 2119 Augusti
713 2060 916 2112 amicus,
956 2059 1145 2102 invenit
1186 2073 1392 2102 nemora
1429 2056 1631 2103 tonsilia
1669 2060 1800 2103 intra

319 2142 406 2189 hos
429 2160 550 2190 Lxxx
575 2161 743 2189 annos.

380 2230 493 2277 VII.
531 2229 830 2294 Peregrinae
874 2238 928 2278 et
962 2234 1118 2277 cerasi
1164 2229 1494 2293 Persicaeque
1531 2238 1583 2277 et
1626 2248 1798 2278 omnes

319 2333 529 2378 quarum
557 2317 752 2363 Graeca
783 2320 985 2363 nomina
1012 2325 1100 2363 aut
1129 2317 1320 2372 aliena3
1365 2317 1456 2363 sed
1482 2334 1612 2380 quae
1641 2334 1704 2364 ex
1739 2321 1799 2364 iis

364 2468 390 2522 θ’*
407 2462 497 2553 tIae.
528 2461 622 2500 lack
650 2460 699 2500 of
722 2461 796 2500 the
826 2461 997 2500 natural
1025 2467 1231 2513 property
1259 2461 1308 2500 of
1335 2461 1470 2513 losing
1499 2462 1554 2501 its
1583 2461 1736 2514 foliage
1757 2462 1799 2501 in

321 2528 403 2553 wm
427 2528 485 2554 er.

324 2606 378 2635 [0
