1909 2998
253 309 305 349 82

255 1007 305 1045 83

255 1527 307 1565 84

255 1960 307 1999 85

591 174 836 221 PLINY:
901 174 1232 221 NATURAL
1277 174 1574 222 HISTORY

405 301 589 349 XXVI.
636 302 900 348 Glutinum
925 301 1130 365 vulgare
1157 319 1184 348 e
1207 302 1404 365 pollinis
1428 301 1548 349 flore
1573 309 1825 367 tempera-

337 397 420 437 tur
443 390 672 436 fervente
699 406 846 452 aqua,
871 391 1078 435 minimo
1103 392 1236 435 aceti
1261 406 1483 453 aspersu,
1506 406 1623 436 nam
1648 389 1824 437 fabrile

336 480 645 540 cummisque
699 475 896 539 fragilia
948 482 1080 522 sunt.
1149 475 1439 539 diligentior
1489 493 1608 523 cura
1658 476 1825 523 mollia

337 567 478 627 panis
520 563 815 609 fermentati
855 562 988 608 colat
1012 561 1030 590 1
1079 579 1210 624 aqua
1250 561 1509 617 fervente3
1564 565 1824 609 minimum

338 650 429 696 hoc
482 649 632 695 modo
685 651 994 712 intergerivi‚
1049 656 1203 712 atque
1258 651 1413 695 etiam
1466 648 1592 694 lini2
1644 649 1825 696 lenitas

338 744 617 801 superatur.
688 753 835 782 omne
893 743 1067 781 autem
1122 735 1374 798 glutinum
1430 752 1523 782 nec
1580 739 1825 783 vetustius

338 841 447 871 esse
489 823 645 870 debet
688 840 787 869 uno
829 822 912 869 die
955 839 1049 868 nec
1090 825 1359 869 recentius.
1427 830 1605 886 postea
1645 823 1826 871 malleo

336 917 578 957 tenuatur
632 917 686 956 et
740 910 938 972 glutino
991 912 1316 972 percurritur,
1372 912 1658 972 iterumque
1711 926 1826 956 con-

339 996 549 1044 stricta3
586 1004 827 1060 erugatur
853 1003 1006 1058 atque
1046 996 1340 1042 extenditur
1364 996 1560 1042 malleo.
1630 999 1702 1043 ita
1725 999 1826 1043 sint

338 1085 611 1147 longinqua
648 1086 988 1129 monimenta:
1045 1083 1214 1129 Tiberi
1253 1067 1449 1146 Gaique
1488 1081 1826 1130 Gracchorum

339 1188 514 1218 manus
540 1170 674 1235 apud
701 1169 1031 1233 Pomponium
1057 1169 1345 1216 Secundum
1370 1177 1540 1216 vatem
1564 1173 1825 1234 civemque

338 1258 664 1304 clarissimum
691 1256 792 1303 vidi
818 1273 972 1303 annos
998 1256 1104 1303 fere
1129 1263 1246 1320 post
1270 1256 1543 1311 ducentos;
1585 1259 1685 1303 iam
1710 1274 1826 1305 vero

250 1378 253 1379 γ
339 1345 590 1391 Ciceronis
632 1361 689 1390 ac
730 1343 831 1390 divi
871 1344 1092 1407 Augusti
1133 1343 1422 1407 Vergilique
1463 1361 1827 1407 saepenumero

338 1432 579 1478 videmus.

405 1518 619 1565 XXVII.
676 1518 913 1582 Ingentia
960 1517 1193 1582 exempla
1241 1524 1417 1564 contra
1469 1517 1541 1564 M.
1594 1517 1826 1565 Varronis

339 1608 647 1652 sententiam
675 1605 739 1651 de
767 1604 952 1651 chartis
979 1607 1315 1668 reperiuntur.
1384 1622 1601 1667 namque
1630 1605 1826 1652 Cassius

340 1693 576 1747 Hemina,
640 1694 1010 1738 vetustissimus
1075 1698 1249 1737 auctor
1313 1691 1584 1748 annalium,
1648 1698 1827 1754 quarto

340 1796 512 1826 eorum
544 1778 669 1824 libro
699 1778 925 1843 prodidit
956 1777 1046 1824 Cn.
1079 1778 1374 1824 Terentium
1405 1779 1618 1824 scribam
1651 1795 1827 1841 agrum

340 1883 484 1912 suum
521 1868 572 1910 in
611 1865 833 1911 Ianiculo
869 1867 1271 1929 repastinantem
1309 1863 1537 1911 effodisse
1575 1881 1740 1911 arcam
1775 1867 1827 1911 in

337 1970 436 2016 qua
482 1952 648 1998 Numa
694 1955 778 2015 qui
824 1951 1014 1998 Romae
1060 1954 1294 2015 regnavit
1339 1954 1464 1997 situs
1508 1950 1714 2006 fuisset3
1775 1954 1826 1998 in

340 2039 520 2086 eadem
554 2039 705 2085 libros
742 2041 848 2085 eius
883 2045 1112 2102 repertos
1149 2037 1203 2084 P.
1238 2037 1469 2084 Cornelio
1504 2037 1561 2084 L.
1600 2038 1700 2084 filio
1735 2037 1826 2085 Ce-

339 2125 514 2190 thego,
551 2125 623 2172 M.
659 2125 848 2172 Baebio
881 2125 943 2183 Q.
980 2125 1080 2171 filio
1113 2124 1376 2189 Tamphilo
1412 2142 1509 2171 cos.
1545 2125 1609 2171 ad
1642 2142 1765 2188 quos
1797 2141 1827 2171 a

340 2230 496 2276 regno
543 2212 740 2259 Numae
781 2211 1085 2275 colliguntur
1132 2214 1249 2258 anni
1294 2225 1486 2266 Dxxxv3
1533 2210 1623 2258 hos
1673 2210 1824 2258 fuisse

341 2317 369 2347 e
386 2299 577 2356 charta,
614 2303 802 2345 maiore
822 2301 1104 2345 etiamnum
1121 2298 1377 2354 miraculo,
1396 2298 1530 2361 quod
1547 2297 1718 2345 infossi
1736 2298 1826 2345 du-

571 2441 586 2466 1
619 2439 837 2491 Illayhoff:
870 2439 1022 2479 colata.
1227 2493 1234 2500 .
1365 2439 1381 2462 ²
1419 2439 1495 2499 Ῐζλ.
1516 2439 1615 2480 Nili.

661 2494 677 2517 ³
716 2494 792 2534 V.l.
816 2494 1056 2546 conscripta
1077 2495 1365 2544 (concrlspata
1385 2491 1510 2543 Bm).

345 2571 430 2625 148
