1909 2998
210 412 263 449 26

212 875 261 914 27

214 1472 265 1511 28

546 209 789 255 PLINY:
854 208 1182 254 NATURAL
1227 207 1523 253 HISTORY

293 340 398 384 sine
441 339 542 399 igni
585 343 638 382 et
686 352 816 397 aqua
862 334 964 381 sale
1013 335 1250 397 asperso1
1299 337 1610 397 exprimitur,
1651 335 1770 380 cibis

295 403 516 458 foedum,
554 403 766 448 lucernis
805 401 950 447 exile.
1019 400 1413 463 amygdalinum,
1451 401 1584 462 quod
1621 400 1771 463 aliqui

295 486 512 533 neopum
551 476 748 523 vocant,
788 485 850 514 ex
891 471 1070 514 amaris
1110 468 1317 513 nucibus
1357 465 1591 513 arefactis
1630 474 1683 513 et
1720 470 1771 512 in

294 536 441 582 offam
465 538 684 581 contusis
721 536 1008 597 aspersam2
1045 550 1176 596 aqua
1209 537 1494 596 iterumque
1527 536 1652 579 tusis
1688 549 1772 579 ex-

293 605 538 666 primitur.
607 602 663 647 fit
691 609 744 647 et
780 600 843 647 e3
878 600 1018 646 lauru
1056 601 1280 646 admixto
1305 600 1610 663 drupparum
1635 599 1772 646 oleo:

295 669 533 731 quidam4
568 668 701 713 bacis
745 670 1032 730 exprimunt
1074 674 1292 722 tantum,
1328 666 1410 712 alii
1445 665 1572 712 foliis
1607 665 1773 722 modo,

295 736 445 797 aliqui
481 734 598 780 folio
635 741 688 780 et
723 734 936 779 cortici5
972 735 1224 788 bacarum,
1260 749 1353 778 nec
1389 749 1488 778 non
1524 740 1773 796 styracem

295 802 487 847 addunt
526 801 746 863 aliosque
784 800 976 846 odores.
1044 803 1236 863 optima
1271 799 1437 846 laurus
1476 799 1540 846 ad
1575 799 1627 845 id
1663 799 1774 845 lati-

298 868 414 914 folia
453 868 688 913 silvestris
728 870 879 929 nigris
918 868 1067 912 bacis.
1136 865 1293 912 simile
1334 873 1411 912 est
1450 873 1503 912 et
1542 882 1570 912 e
1609 872 1774 929 myrto

295 938 453 998 nigra,
502 942 555 980 et
603 933 727 979 haec
776 932 986 978 latifolia
1033 932 1220 979 melior.
1288 932 1571 978 tunduntur
1617 933 1773 978 bacae

296 1017 526 1064 aspersae
567 1001 727 1046 calida
775 1017 921 1062 aqua,
963 1016 1080 1045 mox
1121 999 1450 1061 decoquntur.
1518 998 1601 1044 alii
1637 998 1776 1045 folio-

296 1085 404 1113 rum
438 1067 723 1113 mollissima
755 1067 1012 1128 decoqunt
1044 1069 1094 1111 in
1127 1066 1237 1112 oleo
1270 1073 1324 1112 et
1356 1068 1661 1128 exprimunt,
1693 1065 1774 1111 alii

295 1135 495 1180 deiecta
536 1150 597 1179 ea
633 1137 683 1179 in
720 1133 885 1179 oleum
921 1136 1057 1196 prius
1094 1132 1196 1178 sole
1232 1139 1503 1178 maturant.
1594 1131 1773 1178 eadem

294 1204 422 1246 ratio
465 1208 518 1246 et
560 1203 611 1245 in
653 1203 812 1245 sativa
855 1206 1037 1262 myrto,
1080 1199 1169 1245 sed
1211 1198 1496 1261 praefertur
1537 1198 1774 1244 silvestris

295 1271 483 1312 minore
539 1270 747 1321 semine,
803 1282 952 1328 quarn
1009 1265 1212 1328 quidam
1266 1267 1638 1328 oxymyrsinen,
1692 1264 1775 1310 alii

295 1333 759 1396 chamaemyrsinen
780 1340 977 1387 vocant,
998 1332 1149 1395 aliqui
1172 1348 1353 1378 acoron
1374 1348 1403 1377 a
1422 1331 1775 1387 similitudine3

297 1407 373 1446 est
398 1403 531 1445 enim
554 1401 734 1454 brevis,
758 1399 1012 1444 fruticosa.

367 1466 444 1512 Fit
474 1474 526 1512 et
556 1483 582 1512 e
612 1469 753 1520 citro,
781 1482 1031 1528 cupresso,
1060 1465 1266 1510 nucibus
1295 1463 1612 1527 iuglandibus
1642 1463 1775 1526 quod

295 1536 551 1596 caryinum
594 1540 790 1587 vocant,
834 1532 992 1588 malis,
1034 1531 1184 1577 cedro
1228 1531 1362 1593 quod
1402 1530 1703 1594 pisselaeon,
1747 1546 1774 1576 e

295 1616 451 1662 grano
480 1617 677 1662 quoque
709 1599 884 1644 Cnidio
911 1606 1128 1662 purgato
1156 1601 1346 1644 semine
1376 1605 1429 1643 et
1456 1604 1622 1652 tunso,
1649 1600 1774 1643 item

297 1666 520 1712 lentisco.
590 1683 705 1711 nam
732 1673 784 1711 et
808 1669 1070 1728 cyprinum
1095 1672 1149 1711 et
1174 1681 1201 1710 e
1226 1664 1410 1727 glande
1436 1664 1694 1727 Aegyptia
1718 1670 1775 1709 ut

297 1732 474 1779 fierent
493 1733 512 1762 θ
539 1733 746 1778 odorum
773 1748 922 1778 causa
949 1732 1140 1778 dictum
1170 1738 1262 1777 est.
1332 1730 1444 1776 Indi
1471 1747 1499 1776 e
1526 1733 1773 1777 castaneis

498 1874 510 1896 ¹
542 1887 713 1924 asperso
734 1876 805 1923 (sc.
824 1874 1028 1922 semini)?
1062 1872 1258 1924 Maylzoff
1272 1888 1280 1912 :
1312 1884 1547 1923 aspersum.

498 1928 512 1950 2
544 1927 739 1977 Mayhoff
753 1943 762 1966 :
794 1940 1028 1977 aspersum.

499 1982 513 2003 ³
545 1994 567 2018 e
586 1981 683 2020 add.
705 1980 936 2020 Rackham.

496 2037 516 2110 ἒ
542 2034 756 2126 unildamg.
781 2033 977 2085 Mayhoff
991 2049 1000 2073 z
1033 2032 1295 2084 quidamque
1314 2045 1351 2073 e.

590 2118 598 2126 .
621 2118 629 2126 .
652 2100 723 2125 cor
747 2101 821 2126 icc.

500 2142 515 2164 ‘⁵
544 2141 782 2180 Rackham:
813 2140 946 2180 fieret.

602 2377 618 2394 ⁰
649 2369 837 2420 Perhaps
858 2369 932 2409 the
952 2369 1187 2419 sweet-flag
1206 2381 1254 2408 or
1275 2369 1480 2408 calamus.

602 2425 615 2447 ⁶
643 2422 769 2460 From
792 2423 951 2474 κάρυον,
972 2436 997 2460 a
1017 2421 1191 2461 walnut.

603 2484 616 2500 ⁶
645 2476 653 2490 ⁸
673 2475 902 2522 Piteh-oi1‚’
922 2475 1032 2513 from
1052 2475 1180 2515 πίσσα
1198 2475 1283 2513 and
1306 2475 1451 2515 ἔλαιον.

599 2529 617 2553 ‘³
644 2530 677 2567 T
682 2530 734 2567 he
755 2530 854 2569 seed
876 2529 923 2568 of
941 2530 1014 2568 the
1036 2541 1270 2568 mezereon.

301 2607 387 2665 306
