1925 2998
608 216 853 264 PLINY:
920 217 1248 264 NATURAL
1295 216 1591 263 HISTORY

363 342 521 390 Ponto
540 347 664 389 citra
686 344 980 390 Heracleam
1001 362 1114 390 arae
1136 352 1252 390 sunt
1274 344 1400 390 Iovis
1421 345 1643 405 Στρατίου
1661 362 1841 408 cogno-

360 427 491 469 mine
513 441 523 470 :
559 425 626 470 ibi
652 441 861 486 quercus
887 425 1015 470 duae
1043 426 1104 469 ab
1131 424 1347 470 Hercule
1372 431 1527 470 satae.
1588 427 1637 470 in
1663 425 1841 471 eodem

359 510 524 550 tractu
538 511 709 565 portus
725 505 902 566 Amyci
918 511 994 550 est
1008 504 1231 567 Bebryce
1246 521 1364 567 rege
1379 503 1646 550 interfecto
1659 504 1839 564 clarus;

360 586 465 630 eius
498 584 717 630 tumulus
744 601 772 629 a
798 601 1029 645 supremo
1055 584 1134 630 die
1161 584 1298 630 lauro
1323 586 1514 647 tegitur
1539 601 1690 646 quam
1714 588 1841 630 insa-

361 681 476 709 nam
497 672 694 720 vocant,
716 667 950 726 quoniam
976 667 1014 710 si
1037 664 1156 726 quid
1179 681 1240 710 ex
1263 681 1323 710 ea
1343 664 1642 726 decerptum
1662 663 1841 710 infera-

256 749 334 789 240
360 751 441 790 tur
470 744 694 799 navibuffi
724 747 883 806 iurgia
915 744 1040 789 fiunt
1068 744 1229 790 donec
1259 744 1516 789 abiciatur.
1585 747 1841 807 regionem

253 1471 329 1511 241

361 824 677 870 Aulocrenen
705 824 920 870 diximus
947 841 1037 886 per
1063 841 1213 887 quam
1241 824 1470 885 Apamea
1494 827 1545 869 in
1573 822 1841 888 Phrygiam

360 907 487 950 itur:
553 905 619 949 ibi
669 904 901 966 platanus
952 904 1235 950 ostenditur
1284 921 1346 950 ex
1396 921 1495 966 qua
1543 904 1842 967 pependerit

364 984 592 1030 Marsuas
627 987 786 1030 victus
823 985 885 1030 ab
921 984 1172 1046 Apolline,
1208 1001 1337 1047 quae
1373 988 1472 1030 iam
1507 992 1618 1031 tum
1652 988 1843 1048 magni-

361 1065 536 1110 tudine
568 1065 731 1111 electa
762 1072 854 1110 est..
923 1082 1016 1111 nec
1047 1082 1146 1110 non
1176 1065 1344 1126 palma
1376 1065 1489 1110 Deli
1523 1065 1585 1111 ab
1617 1065 1841 1112 eiusdem

360 1145 441 1190 dei
482 1152 653 1191 aetate
694 1148 1014 1207 conspicitur,
1055 1145 1321 1208 Olympiae
1361 1144 1577 1191 oleaster
1629 1162 1691 1191 ex
1745 1162 1843 1207 quo

360 1228 546 1287 primus
582 1225 823 1271 Hercules
857 1232 1122 1271 coronatus
1157 1232 1262 1271 est:
1315 1231 1368 1271 et
1401 1241 1531 1271 nunc
1565 1225 1843 1272 custoditur

359 1305 548 1368 religio.
616 1305 831 1352 Athenis
884 1321 1083 1368 quoque
1135 1305 1246 1351 olea
1297 1304 1476 1351 durare
1527 1305 1743 1351 traditur
1792 1309 1842 1351 in

358 1389 633 1432 certamine
660 1386 800 1432 edita
824 1403 852 1431 a
879 1385 1124 1432 Minerva.

422 1465 525 1512 XC.
572 1466 647 1511 Ex
688 1467 883 1512 diverso
916 1467 1207 1512 brevissima
1242 1468 1345 1512 vita
1383 1473 1460 1512 est
1491 1469 1700 1527 punicis,
1735 1466 1843 1521 fico,

359 1546 516 1602 malis,
527 1554 580 1592 et
595 1564 656 1592 ex
672 1545 745 1592 his
761 1547 1081 1608 praecocibus
1097 1547 1292 1592 brevior
1309 1563 1459 1608 quam
1475 1549 1720 1601 serotinis,
1737 1546 1843 1592 dul-

357 1627 495 1672 cibus
512 1643 663 1688 quam
683 1626 878 1683 acidis,1
898 1633 951 1673 et
977 1626 1181 1672 dulciori
1206 1629 1256 1671 in
1283 1629 1491 1687 punicis,
1509 1629 1633 1673 item
1658 1629 1708 1671 in
1734 1629 1843 1672 viti-

359 1707 468 1761 buS‚
488 1709 855 1769 praecipueque
882 1706 1220 1753 fertilioribus.
1283 1707 1554 1752 Graecinus
1575 1714 1747 1753 auctor
1767 1714 1843 1754 est

357 1790 621 1849 sexagenis
644 1790 784 1833 annis
807 1787 1013 1833 durasse
1035 1789 1178 1833 vites.
1247 1786 1482 1833 videntur
1503 1793 1556 1833 et
1578 1789 1842 1848 aquaticae

357 1867 564 1913 celerius
596 1870 819 1913 interire.
888 1874 1157 1913 senescunt
1190 1867 1394 1928 quidem
1426 1866 1664 1913 velociter
1693 1867 1783 1913 sed
1815 1883 1842 1913 e

359 1947 603 1993 radicibus
656 1947 958 2008 repullulant
1011 1946 1177 1992 laurus
1231 1953 1284 1992 et
1336 1946 1452 1991 mali
1506 1953 1559 1992 et
1611 1949 1838 2008 punicae.

651 2085 664 2109 ¹
698 2085 927 2123 Pintianus
948 2084 1130 2134 (acerbis
1156 2083 1340 2132 Urlichs)
1361 2099 1369 2122 :
1401 2085 1554 2123 acutis.

411 2319 429 2337 ⁰
459 2313 547 2351 Tho
569 2318 737 2352 contest
764 2313 828 2351 for
856 2313 1048 2363 primacy
1077 2316 1123 2351 at
1151 2312 1330 2358 Athens,
1358 2311 1492 2350 which
1523 2311 1630 2350 Zeus
1657 2311 1742 2350 had
1770 2311 1837 2350 de-

355 2367 477 2405 cided
508 2367 658 2404 should
689 2379 742 2416 go
772 2370 819 2405 to
848 2366 923 2404 the
954 2366 1072 2416 deity
1104 2365 1198 2404 who
1229 2365 1300 2403 did
1332 2365 1407 2404 the
1437 2365 1611 2404 citizens
1641 2365 1714 2403 the
1747 2365 1840 2403 best

355 2421 535 2464 serviem
591 2420 797 2457 Poseidon
836 2419 1109 2457 constructcd
1145 2419 1219 2457 the
1257 2418 1442 2457 hat-bour
1477 2419 1561 2456 and
1598 2418 1837 2468 sffipyards,

355 2473 433 2512 but
453 2473 593 2511 Pallas
615 2473 780 2511 Athene
801 2472 956 2511 caused
976 2472 1217 2511 olive-trees
1238 2477 1283 2510 to
1301 2484 1416 2524 grow
1436 2484 1492 2512 on
1511 2471 1586 2512 the
1605 2471 1839 2523 Acropofis,

353 2527 436 2565 and
458 2527 531 2564 she
553 2540 639 2565 was
660 2526 854 2565 declared
876 2526 949 2565 the
970 2527 1143 2565 winner.

359 2615 444 2662 542
