1909 2998
247 744 300 781 54

249 1614 300 1651 55

250 2133 303 2171 56

585 174 828 220 PLINY:
893 173 1222 220 NATURAL
1267 173 1564 221 HISTORY

331 305 494 348 resina
530 301 900 355 laudatissima3
955 303 1199 346 materiae
1237 317 1354 347 vero
1390 303 1485 365 ipsi
1521 304 1813 358 aeternitas,

331 392 503 452 itaque
551 395 604 434 et
649 388 911 434 simulacra
956 388 1165 433 deorum
1212 404 1274 434 ex
1320 404 1382 434 ea
1425 387 1812 435 factitaverunt:

330 476 561 522 cedrinus
614 482 692 521 est
744 474 934 521 Romae
986 477 1038 519 in
1089 473 1297 520 delubro
1350 474 1530 538 Apollo
1581 473 1813 521 Sosianus

331 562 558 609 Seleucia
576 562 831 608 advectus.
899 561 1049 607 cedro
1067 561 1236 607 similis
1254 564 1305 606 in
1323 561 1539 608 Arcadia
1557 568 1634 607 est
1651 562 1812 619 arbor,

332 653 382 695 in
407 648 625 712 Phrygia
647 648 816 695 frutex
839 656 1046 694 vocatur
1068 648 1262 711 cedrys.

392 735 511 782 XII.
548 735 691 799 Syria
719 742 772 782 et
802 734 1148 781 terebinthum
1173 734 1344 781 habet.
1416 752 1479 781 ex
1507 737 1566 781 iis
1596 735 1815 782 mascula

333 830 411 870 est
466 825 571 869 sine
629 821 813 878 fructu,
869 821 1169 868 feminarum
1226 821 1324 868 duo
1380 837 1596 885 genera:
1671 821 1816 869 alteri

334 909 522 956 fructus
547 910 698 955 rubet
722 909 872 955 lentis
898 909 1266 972 magnitudine,
1294 908 1440 955 alteri
1462 908 1677 973 pallidus
1702 926 1815 956 cum

334 999 434 1043 vite
464 999 775 1052 maturescit,
804 1012 904 1042 non
932 995 1167 1059 grandior
1195 994 1330 1051 faba,
1360 994 1511 1042 odore
1541 995 1816 1052 iucundior,

332 1091 474 1130 tactu
497 1100 625 1130 osus.
694 1085 958 1129 resincirca
983 1082 1110 1129 Iden
1131 1082 1337 1128 Troadis
1362 1089 1415 1128 et
1438 1085 1489 1128 in
1515 1067 1817 1129 Macedonia

331 1171 494 1216 brevis
518 1171 663 1216 arbor
685 1169 811 1216 haec
835 1177 988 1232 atque
1013 1169 1270 1225 fruticosa,
1293 1172 1345 1214 in
1368 1169 1620 1215 Damasco
1643 1168 1815 1232 Syriae

332 1273 530 1320 magna.
599 1259 836 1303 materies
878 1259 925 1302 ei
965 1256 1236 1302 admodum
1275 1255 1416 1302 lenta
1456 1272 1513 1302 ac
1553 1255 1713 1303 fidelis
1753 1257 1817 1303 ad

333 1351 660 1400 vetustatem,
697 1346 827 1406 nigri
871 1343 1166 1407 splendoris,
1205 1341 1293 1389 flos
1331 1359 1616 1389 racemosus
1655 1342 1814 1390 olivae

332 1431 498 1487 modo,
544 1431 634 1478 sed
678 1432 880 1486 rubens,
926 1429 1045 1476 folia
1089 1430 1261 1476 densa.
1330 1429 1430 1476 fert
1477 1437 1532 1476 et
1576 1429 1817 1476 folliculos

334 1521 628 1564 emittentes
645 1517 894 1581 quaedam
911 1517 1143 1562 animalia
1157 1533 1252 1562 ceu
1266 1516 1449 1562 culices
1465 1517 1816 1579 lentoremque

332 1608 608 1651 resinosum
634 1608 718 1668 qui
744 1613 796 1651 et
822 1622 883 1651 cx
909 1607 1094 1650 cortice
1116 1606 1349 1667 erumpit.
1419 1601 1568 1649 XIII.
1608 1603 1677 1650 Et
1700 1602 1817 1650 rhus

333 1691 506 1755 Syriae
542 1692 763 1739 mascula
798 1691 897 1738 fert
933 1691 1091 1738 sterili
1128 1690 1334 1747 femina,
1361 1689 1480 1736 folio
1517 1690 1636 1737 ulmi
1668 1690 1818 1754 paulo

333 1779 555 1842 longiore
582 1787 634 1825 et
649 1779 825 1842 piloso,
843 1777 1073 1824 foliorum
1099 1794 1298 1840 semper
1322 1780 1456 1823 inter
1480 1793 1533 1823 se
1558 1780 1818 1824 contrariis

332 1865 592 1929 pediculis,
634 1865 805 1929 gracili
851 1866 1092 1927 brevique
1134 1881 1289 1910 ramo.
1361 1863 1519 1928 pelles
1574 1864 1817 1911 candidae

333 1953 662 1999 conficiuntur
679 1956 753 1999 iis.
805 1969 979 1999 semen
1002 1952 1128 1998 lenti
1153 1951 1312 1997 simile
1332 1968 1447 1997 cum
1465 1967 1562 1997 uva
1581 1951 1818 2008 rubescit,

335 2040 468 2102 quod
492 2047 697 2086 vocatur
726 2039 860 2095 rhus,
883 2039 1266 2086 medicamentis
1295 2041 1646 2084 necessarium.

402 2126 537 2173 XIV.
575 2126 642 2172 Et
670 2127 909 2189 Aegypto
944 2125 1105 2171 multa
1136 2141 1324 2188 genera
1356 2141 1485 2187 quae
1517 2141 1616 2170 non
1648 2124 1817 2181 aliubi,

336 2220 454 2259 ante
510 2217 676 2259 omnia
733 2212 851 2259 ficus
908 2213 971 2259 ob
1027 2212 1077 2258 id
1134 2213 1392 2275 Aegyptia
1447 2214 1814 2274 cognominata.

388 2444 406 2462 ⁰
434 2438 502 2488 By
548 2436 680 2477 Gaius
728 2437 886 2484 Sosius,
935 2440 1138 2487 quaestor
1183 2437 1235 2476 66
1279 2447 1379 2484 13.o.‚
1427 2435 1523 2476 who
1566 2435 1675 2476 later
1718 2435 1817 2475 held

338 2492 587 2530 comma-nde
606 2492 650 2531 in
670 2490 745 2530 the
765 2495 859 2530 east
880 2491 1014 2530 under
1034 2490 1224 2541 Antony.

339 2582 425 2626 130
