1909 2998
229 850 280 888 95

231 1545 280 1583 97

563 198 806 244 PLINY:
871 198 1201 245 NATURAL
1245 198 1542 246 HISTORY

309 324 529 371 dicemus
577 328 627 370 in
675 328 834 371 insitis
882 326 1030 372 modo
1079 326 1368 381 Etereiana‚
1408 342 1559 388 quam
1606 324 1789 372 rubens

309 418 479 456 cortex
506 410 730 475 praefert
757 412 1018 475 triangulis
1047 419 1099 458 et
1126 412 1449 476 popularibus
1477 414 1630 474 nigris
1659 427 1789 474 quae

309 500 530 543 coctivae
579 505 832 544 vocantur.
901 501 1064 561 patria
1112 497 1466 544 laudatissimis
1514 498 1790 544 Tarentum

311 591 364 629 et
411 586 462 628 in
511 583 785 647 Campania
835 584 1097 647 Neapolis;
1162 591 1364 630 ceterae
1414 601 1558 630 suum
1605 583 1792 647 pabulo

310 672 601 733 gignuntur,
637 670 922 734 scrupulosa
956 672 1153 717 corticis
1188 673 1320 716 intra
1355 669 1556 716 nucleos
1593 685 1791 733 quoque

311 760 660 804 ruminatione.

375 843 558 890 XXVI.
597 844 736 889 Haut
783 844 954 907 procul
1006 844 1180 890 abesse
1231 843 1498 890 videantur
1547 850 1601 890 et
1648 859 1793 907 prae-

313 930 480 976 dulces
503 930 728 993 siliquae,
750 934 843 976 nisi
866 931 1000 993 quod
1022 934 1072 976 in
1093 930 1168 976 his
1191 934 1299 994 ipse
1323 931 1580 977 manditur
1601 937 1791 976 cortex.

312 1017 582 1080 digitorum
624 1020 781 1063 omnis
815 1017 1077 1081 longitudo
1111 1017 1221 1073 illis,
1257 1025 1309 1064 et
1344 1020 1547 1063 interim
1590 1016 1793 1073 falcata,

311 1104 531 1168 pollicari
573 1105 856 1151 latitudine.
924 1105 1134 1167 glandes
1177 1108 1310 1150 inter
1349 1121 1501 1168 poma
1544 1106 1794 1150 numerari

313 1208 412 1237 non
432 1199 659 1255 possunt,
683 1192 1008 1254 quamobrem
1031 1195 1081 1237 in
1106 1208 1195 1237 sua
1218 1199 1398 1237 natura
1421 1191 1668 1237 dicentur.

377 1277 590 1325 XXVII.
631 1278 841 1341 Reliqua
866 1281 1056 1324 carnosi
1081 1285 1198 1324 sunt
1230 1281 1447 1341 generis,
1472 1293 1633 1341 eaque
1658 1278 1793 1324 bacis

313 1372 465 1428 atque
491 1366 719 1411 carnibus
745 1366 949 1412 distant.
1019 1365 1115 1411 alia
1140 1368 1292 1412 acinis
1325 1381 1457 1421 caro,
1494 1364 1592 1410 alia
1627 1367 1794 1421 moris,

315 1452 409 1498 alia
429 1453 769 1507 unedonibus3
803 1459 855 1498 et
876 1452 971 1497 alia
991 1455 1142 1498 acinis
1162 1455 1295 1498 inter
1313 1459 1483 1498 cutem
1503 1467 1794 1514 sucumque,

312 1539 407 1584 alia
431 1543 611 1602 myxis,
637 1539 731 1584 alia
757 1540 891 1584 bacis
919 1546 974 1585 ut
1000 1538 1152 1585 olivis.
1225 1542 1374 1585 moris
1400 1555 1544 1585 sucus
1570 1541 1620 1584 in
1645 1555 1793 1584 carne

314 1629 528 1681 vinosus,
563 1629 680 1672 trini
714 1626 919 1682 colores,
954 1626 1194 1672 candidus
1228 1629 1408 1690 primo,
1443 1643 1559 1671 mox
1594 1626 1795 1681 rubens,

315 1716 521 1759 maturis
547 1716 702 1776 niger.
768 1716 819 1758 in
838 1716 1112 1759 novissimis
1138 1712 1334 1768 florent,
1353 1715 1485 1758 inter
1507 1715 1669 1775 prima
1692 1728 1796 1757 ma-

317 1806 591 1846 turescunt.
630 1803 834 1862 tingunt
850 1816 1026 1845 manus
1043 1816 1159 1845 suco
1176 1807 1390 1854 matura,
1408 1798 1583 1845 eluunt
1599 1799 1793 1845 acerba.

315 1889 574 1932 minimum
615 1890 664 1932 in
705 1886 797 1932 hac
838 1887 1012 1932 arbore
1054 1889 1255 1949 ingenia
1293 1885 1645 1949 profecerunt:
1703 1901 1795 1931 nec

315 1974 594 2019 nominibus
626 1990 717 2019 nec
747 1976 980 2019 insitione
1000 1973 1019 2002 1
1050 1989 1142 2019 nec
1174 1973 1269 2018 alio
1299 1972 1449 2019 modo
1481 1989 1631 2035 quam
1659 1975 1794 2035 pomi

316 2060 662 2122 magnitudine
698 2059 933 2106 differunt
968 2076 1107 2105 mora
1142 2059 1397 2106 Ostiensia
1431 2066 1484 2105 et
1517 2058 1796 2105 Tusculana

317 2145 610 2192 Romanae.2
676 2154 947 2192 nascuntur
973 2153 1025 2192 et
1051 2149 1101 2191 in
1127 2147 1261 2192 rubis
1288 2145 1503 2192 multum
1529 2144 1794 2191 differente

315 2232 454 2278 callo.

547 2310 561 2333 1
592 2310 821 2348 insit-ione?
855 2308 1052 2359 Ellayhoss
1067 2310 1217 2359 (insitu
1237 2308 1396 2358 Dalec.)
1417 2324 1425 2348 :
1458 2308 1610 2348 insitis.

543 2362 558 2385 ²
587 2362 798 2401 Rackham
818 2377 826 2400 ε
859 2363 1054 2401 Romane
1074 2367 1147 2401 aut
1168 2362 1347 2401 Romae.

543 2475 561 2494 ⁰
590 2470 613 2507 I
622 2485 663 2510 .e.
687 2470 760 2509 the
779 2483 920 2521 grape,
942 2471 1215 2521 elder-berry,
1234 2470 1470 2521 ivy-berry,
1492 2474 1573 2510 ete.

540 2524 554 2548 ὸ
583 2525 672 2563 The
695 2525 964 2575 blackberry.

318 2593 406 2639 354
