1909 2998
218 516 265 553 41

226 1918 276 1956 43

554 191 798 238 PLINY:
861 188 1190 236 NATURAL
1235 187 1530 235 HISTORY

300 325 429 368 cius:
487 320 774 383 longissima
813 334 1029 380 namque
1069 317 1313 380 decerpto
1351 316 1489 362 bidui
1528 332 1665 362 mora
1703 321 1780 362 est

300 418 533 478 cogitque
557 430 610 460 se
634 412 941 459 venumdari.

365 507 481 553 XII.
519 507 702 569 Ingens
734 512 913 569 postea
948 505 1096 550 turba
1128 519 1429 567 prunorum:
1470 502 1782 549 versicoloria

303 619 329 648 e
367 604 505 664 nigro
541 599 848 654 candicant,l
885 597 1148 644 hordearia
1185 597 1439 660 appellata
1475 613 1504 642 a
1538 599 1782 642 comitatu

302 695 455 758 frugis
496 697 628 748 eius3
688 693 784 738 alia
825 692 1004 738 eodem
1045 691 1208 737 colore
1250 694 1436 736 seriora
1477 693 1782 753 maioraque,

303 792 491 834 asinina
533 790 886 850 cognominata
929 802 958 831 a
1002 785 1211 830 vilitate.
1303 791 1418 830 sunt
1460 787 1651 830 minora
1693 783 1783 829 at2

302 882 579 928 laudatiora
598 883 768 926 cerina
789 886 941 941 atque
961 894 1233 942 purpurea,
1253 894 1347 923 nec
1368 894 1467 923 non
1488 878 1551 923 ab
1571 884 1784 924 externa

303 982 457 1039 gente
480 975 800 1028 Armeniaca,
823 989 952 1035 quae
976 972 1079 1018 sola
1102 979 1154 1018 et
1177 971 1328 1017 odore
1351 970 1781 1017 commendantur.

302 1068 564 1132 peculiaris
614 1066 912 1130 inpudentia
962 1072 1040 1112 est
1089 1065 1296 1111 nucibus
1345 1067 1606 1111 insitorum
1655 1080 1783 1127 quae

305 1161 483 1208 faciem
546 1163 769 1225 parentis
834 1176 1109 1222 sucumque
1177 1158 1462 1222 adoptionis
1528 1157 1784 1213 exhibent,

252 1269 260 1279 ·
303 1255 555 1319 appellata
596 1254 658 1300 ab
692 1261 904 1316 utroque
931 1256 1220 1315 nucipruna.
1290 1259 1342 1298 et
1373 1251 1498 1298 haec
1529 1259 1700 1298 autem
1732 1258 1785 1298 et

307 1347 503 1396 Persica
533 1356 585 1394 et
615 1351 782 1394 cerina
814 1364 870 1393 ac
901 1346 1145 1392 silvestria
1176 1353 1232 1392 ut
1263 1362 1388 1392 uvae
1418 1345 1554 1392 cadis
1584 1346 1786 1392 condita

307 1459 462 1505 usque
513 1442 577 1488 ad
627 1441 723 1487 alia
772 1443 1033 1487 nascentia
1082 1446 1309 1486 aetatem
1359 1440 1451 1485 sibi
1498 1447 1786 1503 prorogant,

306 1536 607 1599 reliquorum
653 1535 888 1581 velocitas
933 1537 1034 1580 cito
1080 1536 1454 1580 mitescentium
1498 1533 1784 1580 transvolat.

308 1647 466 1694 nuper
503 1633 553 1675 in
591 1628 799 1675 Baetica
836 1628 1021 1674 malina
1059 1627 1299 1691 appellari
1336 1635 1611 1691 coeperunt
1648 1627 1786 1673 malis

308 1727 456 1769 insita
497 1730 550 1769 et
591 1722 688 1768 alia
728 1722 1051 1786 amygdalina
1091 1721 1396 1785 amygdalis:
1453 1720 1527 1768 his
1567 1724 1698 1767 intus
1738 1725 1787 1766 in

310 1818 443 1880 ligno
463 1816 667 1863 nucleus
686 1815 986 1880 amygdalae
1006 1822 1100 1871 est,
1118 1832 1211 1861 nec
1229 1815 1362 1861 aliud
1378 1832 1579 1879 pomum
1599 1818 1787 1878 ingeni-

312 1914 440 1956 osius
472 1914 786 1973 geminatum
819 1917 911 1955 est.
979 1912 1029 1954 in
1059 1912 1336 1972 peregrinis
1368 1909 1622 1955 arboribus
1653 1909 1788 1955 dicta

309 2011 424 2050 sunt
473 2004 789 2048 Damascena
836 2020 864 2048 a
909 2001 1081 2066 Syriae
1129 2002 1378 2048 Damasco
1422 2005 1788 2064 cognominata,

309 2100 406 2142 iam
431 2096 628 2160 pridem
651 2099 701 2141 in
727 2095 875 2141 Italia
897 2098 1174 2151 nascentia,
1197 2095 1462 2158 grandiore
1487 2111 1787 2158 quamquam

309 2190 442 2252 ligno
468 2196 520 2235 et
549 2188 752 2235 exiliore
779 2205 926 2234 carne
954 2205 1047 2234 nec
1074 2204 1313 2250 umquam
1339 2191 1389 2232 in
1414 2204 1561 2251 rugas
1586 2191 1788 2243 siccata,

310 2285 543 2346 quoniam
572 2282 701 2328 soles
730 2285 803 2327 sui
832 2282 1031 2328 desunt.
1100 2280 1245 2327 simul
1274 2280 1372 2327 dici
1399 2287 1607 2344 possunt
1632 2297 1788 2345 popu-

411 2438 427 2462 1
456 2436 581 2486 Silliq
600 2451 608 2475 :
641 2435 883 2475 versicolori
904 2436 1023 2486 nigra
1045 2435 1274 2474 candicans
1293 2440 1364 2474 aut
1387 2448 1472 2474 V.n.
1495 2435 1691 2476 candida.

412 2491 426 2514 ²
457 2490 654 2541 Maylcoff
669 2506 677 2529 :
710 2494 812 2529 sunt
832 2503 882 2529 ac
902 2491 1022 2540 nigra
1043 2502 1106 2528 ac.

309 2578 398 2637 316
