1909 2998
239 649 287 687 91

238 1559 291 1598 92

570 172 814 218 PLINY:
878 171 1207 217 NATURAL
1253 170 1548 218 HISTORY

322 301 470 363 longa
499 299 780 354 harundini,
809 298 962 354 salici,
989 297 1188 362 palmae
1219 305 1272 344 et
1301 297 1532 361 duplicia,
1561 300 1798 344 circinata

320 417 445 478 piro,
502 420 794 459 mucronata
850 412 998 468 malo,
1056 412 1294 474 angulosa
1350 411 1587 467 hederae,
1643 411 1799 458 divisa

320 527 542 591 platano,
558 529 750 572 insecta
764 529 1023 589 pectinum
1041 525 1189 572 modo
1203 528 1397 588 piceae,
1415 525 1585 581 abieti,
1602 528 1798 571 sinuosa

325 648 431 687 toto
477 641 667 687 ambitu
714 641 894 695 robori,
939 642 1137 702 spinosa
1181 646 1298 685 cute
1344 639 1481 685 rubo.
1549 639 1800 685 mordacia

322 762 437 801 sunt
472 754 786 817 quibusdam,
821 761 877 799 ut
911 756 1098 808 urticis,
1130 756 1410 816 pungentia
1442 756 1576 816 pino,
1608 756 1799 816 piceae,

323 870 493 924 abieti,
525 868 678 923 larici,
711 867 878 923 cedro,
913 866 1176 929 aquifoliis,
1208 867 1439 930 pediculo
1471 867 1609 913 brevi
1642 867 1800 923 oleae,

322 983 435 1038 ilici,
469 982 618 1045 longo
654 982 854 1037 vitibus,
889 981 1104 1027 tremulo
1138 981 1352 1044 populis,
1388 988 1441 1027 et
1475 981 1652 1027 iisdem
1687 981 1800 1028 solis

321 1100 453 1143 inter
500 1113 552 1142 se
602 1098 917 1159 crepitantia.
985 1098 1085 1140 iam
1135 1102 1187 1141 et
1235 1098 1286 1140 in
1332 1112 1482 1158 pomo
1529 1097 1636 1158 ipso
1684 1096 1800 1141 mali

323 1211 539 1273 quodam
578 1213 628 1255 in
666 1226 853 1273 genere
891 1226 1045 1272 parva
1084 1209 1261 1254 mediis
1301 1212 1520 1255 emicant
1558 1208 1691 1265 folia,
1730 1212 1802 1255 in-

321 1328 469 1371 terim
510 1331 562 1370 et
601 1326 819 1386 gemina,
857 1330 1124 1386 praeterea
1165 1322 1269 1368 aliis
1309 1326 1439 1369 circa
1477 1340 1656 1379 ramos,
1696 1323 1801 1370 aliis

323 1446 375 1485 et
406 1441 457 1484 in
488 1441 745 1484 cacumine
778 1454 1044 1492 ramorum,
1078 1438 1240 1482 robori
1274 1444 1326 1482 et
1357 1440 1407 1481 in
1440 1437 1646 1483 caudice
1677 1440 1799 1500 ipso.

322 1556 421 1598 iam
459 1552 615 1599 densa
652 1559 739 1598 aut
762 1552 781 1581 1
819 1568 929 1597 rara
965 1567 1263 1614 semperque
1302 1550 1404 1596 lata
1441 1554 1638 1597 rariora.
1706 1551 1803 1598 dis-

321 1670 485 1731 posita
512 1674 695 1729 myrto,
723 1683 941 1712 concava
967 1666 1119 1721 buxo,
1147 1665 1431 1711 inordinata
1456 1668 1633 1728 pomis,
1660 1665 1803 1729 plura

324 1781 501 1827 eodem
536 1780 767 1844 pediculo
805 1783 1044 1826 exeuntia
1079 1779 1220 1825 malis
1255 1782 1503 1841 pirisque3
1557 1779 1802 1826 ramulosa

324 1895 456 1940 ulmo
493 1901 545 1940 et
578 1897 751 1956 cytiso.
822 1894 1000 1955 quibus
1035 1893 1187 1939 adicit
1222 1892 1347 1938 Cato
1373 1892 1621 1938 decidua2
1644 1911 1801 1956 popu-

321 2008 400 2054 lea
436 2024 743 2070 quernaque,
769 2007 1062 2053 animalibus
1088 2007 1262 2052 iubens
1293 2006 1399 2052 dari
1426 2023 1525 2053 non
1549 2007 1800 2070 perarida,

323 2122 484 2168 bubus
527 2121 731 2184 quidem
771 2128 822 2167 et
863 2121 1073 2166 ficulnea
1113 2120 1366 2184 ilignaque
1405 2127 1457 2166 et
1493 2119 1801 2176 hederacea3

323 2235 507 2281 dantur
543 2242 596 2281 et
633 2252 695 2281 ex
732 2234 1010 2281 harundine
1054 2251 1110 2280 ac
1147 2234 1301 2280 lauru.
1375 2234 1614 2281 decidunt
1657 2236 1801 2281 sorbo

792 2407 807 2431 ¹
841 2406 1058 2457 Mayhoff:
1090 2420 1153 2445 ac.

788 2460 804 2483 ²
834 2461 983 2499 Gelon:
1015 2459 1192 2498 decidua
1215 2473 1279 2498 ca.

327 2558 417 2612 446
