1909 2998
569 194 813 240 PLINY:
877 193 1206 240 NATURAL
1251 192 1546 240 HISTORY

316 337 495 376 crasso,
544 320 761 367 loculoso
812 328 899 367 aut
949 321 1172 385 simplici.
1241 321 1399 367 solum
1448 320 1542 367 hoc
1589 337 1795 384 pomum

316 395 495 433 natura
526 387 791 450 conpactili
823 391 1137 451 operimento
1170 387 1375 433 clausit:
1425 404 1643 449 namque
1676 394 1794 433 sunt

315 453 497 500 bifidae
531 457 849 516 putaminum
883 457 1081 499 carinae
1117 453 1510 516 nucleorumque
1547 453 1642 499 alia
1677 470 1797 515 qua-

316 520 581 582 dripertita
610 520 865 566 distinctio
894 520 1062 582 lignea
1090 523 1456 566 intercursante
1486 521 1792 565 membrana.

314 590 495 632 ceteris
531 586 772 649 quidquid
807 594 883 632 est
918 586 1130 632 solidum
1165 593 1242 632 est
1276 593 1333 632 ut
1367 589 1417 631 in
1452 586 1708 641 abellanis,
1742 592 1795 632 et

314 656 421 715 ipso
465 670 647 699 nucum
690 670 895 716 genere,
940 669 1061 715 quas
1107 660 1258 698 antea
1300 652 1557 698 Abellinas
1599 655 1795 716 patriae

316 722 515 766 nomine
575 719 925 783 appellabant:
1002 722 1051 764 in
1112 720 1283 764 Asiam
1344 719 1707 781 Graeciamque
1768 735 1795 764 e

317 784 477 831 Ponto
516 803 698 832 venere
739 802 830 832 eae
871 786 1085 848 ideoque
1127 786 1213 832 etl
1250 783 1487 831 Ponticae
1527 802 1679 831 nuces
1714 801 1797 830 vo-

233 859 284 897 89
312 859 503 898 cantur.
572 852 659 898 has
719 869 917 914 quoque
977 852 1136 898 mollis
1192 855 1418 915 protegit
1474 852 1647 908 barba,
1705 851 1796 897 sed

233 1259 284 1296 90

233 1790 279 1828 91

314 922 559 982 putamini
610 919 896 981 nucleisque
956 918 1112 964 solida
1158 918 1440 964 rotunditas
1486 920 1633 964 inest.
1699 916 1794 963 hae

316 992 369 1031 et
413 993 682 1031 torrentur.
751 985 1011 1031 umbilicus
1057 985 1151 1030 illis
1196 988 1330 1031 intus
1376 988 1427 1030 in
1472 992 1646 1030 ventre
1692 1001 1796 1030 me-

315 1052 412 1098 dio.
480 1055 634 1098 tertia
669 1055 721 1096 in
757 1051 831 1097 his
852 1053 870 1081 2
908 1059 1087 1097 natura
1125 1050 1402 1114 amygdalis
1438 1054 1668 1097 tenuiore
1705 1050 1796 1097 sed

315 1117 460 1163 simili
492 1118 801 1181 iuglandium
834 1135 1026 1164 summo
1058 1121 1389 1180 operimento,
1418 1120 1544 1163 item
1575 1117 1796 1163 secundo

314 1188 614 1247 putaminis3
663 1185 866 1230 nucleus
898 1185 1146 1230 dissimilis
1182 1184 1451 1230 latitudine
1471 1183 1492 1212 3
1522 1190 1575 1230 et
1607 1187 1794 1229 acriore

316 1251 454 1297 callo.
522 1251 647 1297 haec
678 1253 822 1296 arbor
853 1268 915 1297 an
946 1251 1097 1297 fuerit
1127 1254 1177 1296 in
1209 1251 1357 1297 Italia
1387 1250 1590 1296 Catonis
1622 1257 1794 1296 aetate

315 1317 593 1373 dubitatur,
629 1321 864 1380 quoniam
902 1318 1118 1364 Graecas
1155 1320 1396 1372 nominat,
1432 1333 1555 1379 quas
1592 1317 1794 1379 quidam

316 1392 369 1430 et
409 1387 459 1429 in
500 1385 809 1447 iuglandium
850 1401 1036 1447 genere
1078 1391 1294 1430 servant.
1332 1384 1485 1430 adicit
1529 1391 1794 1447 praeterea

316 1451 567 1496 abellanas
621 1459 674 1497 et
725 1451 928 1507 calvas‚4
980 1449 1346 1506 Praenestinas,
1399 1466 1521 1513 quas
1576 1453 1794 1495 maxime

315 1517 487 1563 laudat
513 1525 565 1564 et
590 1517 816 1563 conditas
842 1517 947 1563 ollis
972 1520 1023 1562 in
1046 1525 1182 1563 terra
1206 1520 1389 1563 servari
1415 1516 1595 1562 virides
1619 1516 1791 1562 tradit.

316 1600 445 1629 nunc
474 1584 685 1630 Thasiae
716 1592 768 1630 et
798 1584 1043 1630 Albenses
1072 1584 1391 1629 celebrantur
1420 1590 1473 1629 et
1499 1583 1794 1629 Tarentina-

315 1667 424 1696 rum
450 1651 548 1696 duo
572 1667 777 1713 genera,
802 1650 963 1713 fragili
987 1653 1248 1713 putamine
1275 1666 1331 1696 ac
1357 1650 1497 1705 duro,
1523 1666 1651 1712 quae
1676 1656 1794 1695 sunt

316 1717 647 1780 amplissimae
681 1734 737 1763 ac
768 1720 970 1762 minime
1003 1716 1277 1763 rotundae:
1324 1723 1592 1780 praeterea
1621 1716 1795 1762 mollu-

316 1800 428 1829 scae
456 1792 701 1847 putamen
729 1791 1048 1847 rumpentes:
1095 1791 1212 1829 sunt
1241 1786 1325 1845 qui
1354 1782 1540 1828 honore
1561 1782 1581 1812 5
1609 1799 1794 1828 nomen

316 1853 712 1914 interpretentur
740 1857 793 1896 et
823 1851 950 1896 Iovis
978 1850 1215 1912 glandem
1245 1866 1351 1895 esse
1381 1850 1565 1895 dicant.
1635 1865 1795 1912 nuper

573 1932 587 1955 1
619 1931 670 1969 M
672 1930 815 1980 ayhoff
829 1945 837 1969 ε
869 1944 1022 1968 venere
1042 1935 1086 1968 et
1106 1930 1200 1968 ideo
1223 1929 1350 1979 quod.

569 1985 585 2007 ²
621 1984 698 2023 VJ.
719 1985 894 2022 tertiam
915 1984 979 2022 his
998 1998 1007 2022 ι
1038 1985 1168 2022 tertia
1187 1984 1307 2021 nucis
1330 1983 1521 2021 Mueller.

569 2038 584 2060 ³
614 2037 843 2076 latitudine
864 2035 1111 2089 <minore>?
1143 2036 1368 2076 Rackham.

569 2092 585 2115 ‘²
614 2091 738 2140 Silliy
758 2089 849 2129 coll.
872 2090 1024 2129 Catone
1043 2106 1050 2129 :
1082 2090 1243 2141 galbas.

571 2145 585 2167 ⁵
617 2145 805 2183 honore?
838 2144 1057 2194 M'ayhosf:
1092 2145 1253 2182 honori.

373 2225 391 2244 ‘¹
420 2220 569 2258 Abella
592 2222 633 2259 in
657 2221 905 2271 Campania.

374 2273 389 2297 ⁶
419 2274 446 2312 I
451 2287 497 2313 .e.
521 2275 665 2313 unlike
685 2274 760 2313 the
776 2275 952 2321 walnut,
976 2275 1032 2313 its
1053 2273 1160 2313 shell
1181 2274 1280 2313 does
1301 2278 1378 2312 not
1403 2273 1505 2324 split
1526 2273 1623 2312 into
1644 2272 1793 2311 halves

318 2328 403 2367 and
425 2327 499 2367 the
519 2333 600 2367 nut
623 2328 725 2366 does
746 2332 823 2366 not,
842 2328 896 2366 lie
917 2328 961 2366 in
981 2326 1078 2365 four
1098 2333 1309 2377 quartem.

372 2387 386 2405 ⁶
413 2382 482 2419 An
502 2381 678 2420 almond
699 2380 776 2420 has
797 2380 978 2419 breadth
999 2380 1086 2419 and
1108 2380 1279 2430 length3
1309 2379 1383 2419 the
1414 2378 1579 2419 walnut
1609 2380 1645 2418 is
1676 2391 1794 2418 more

324 2433 526 2473 uniform.

372 2487 389 2511 d
416 2489 522 2527 ΚΕ.
545 2487 668 2527 VIII.
691 2489 728 2534 2,
753 2487 1021 2534 CXXXIII,
1039 2489 1077 2527 3.

373 2547 386 2564 ⁶
413 2540 586 2590 Iuylans
609 2560 649 2573 =
671 2540 791 2579 Iouis
810 2540 939 2590 ylaris.

325 2609 411 2656 350
