<?xml version="1.0" encoding="UTF-8"?>
<!DOCTYPE html PUBLIC "-//W3C//DTD XHTML 1.0 Transitional//EN"
    "http://www.w3.org/TR/xhtml1/DTD/xhtml1-transitional.dtd">
<html xmlns="http://www.w3.org/1999/xhtml" xml:lang="en" lang="en">
 <head>
  <title>
</title>
<meta http-equiv="Content-Type" content="text/html;charset=utf-8" />
  <meta name='ocr-system' content='tesseract 3.04.00' />
  <meta name='ocr-capabilities' content='ocr_page ocr_carea ocr_par ocr_line ocrx_word'/>
</head>
<body>
  <div class='ocr_page' id='page_1' title='image "./naturalhistory04plinuoft/naturalhistory04plinuoft_0278.png"; bbox 0 0 1909 2998; ppageno 0'>
   <div class='ocr_carea' id='block_1_1' title="bbox 528 211 1505 259">
    <p class='ocr_par' dir='ltr' id='par_1_1' title="bbox 528 211 1505 259">
     <span class='ocr_line' id='line_1_1' title="bbox 528 211 1505 259; baseline 0.001 -2"><span class='ocrx_word' id='word_1_1' title='bbox 528 212 773 259; x_wconf 86' lang='lat' dir='ltr'>PLINY:</span> <span class='ocrx_word' id='word_1_2' title='bbox 838 211 1167 259; x_wconf 87' lang='lat' dir='ltr'>NATURAL</span> <span class='ocrx_word' id='word_1_3' title='bbox 1212 211 1505 259; x_wconf 87' lang='lat' dir='ltr'>HISTORY</span> 
     </span>
    </p>
   </div>
   <div class='ocr_carea' id='block_1_2' title="bbox 173 337 1756 2311">
    <p class='ocr_par' dir='ltr' id='par_1_2' title="bbox 273 337 1756 573">
     <span class='ocr_line' id='line_1_2' title="bbox 273 337 1756 401; baseline 0 -17"><span class='ocrx_word' id='word_1_4' title='bbox 273 339 510 385; x_wconf 77' lang='lat' dir='ltr'>ferociam</span> <span class='ocrx_word' id='word_1_5' title='bbox 559 339 814 401; x_wconf 82' lang='lat' dir='ltr'><strong>frangunt.</strong></span> <span class='ocrx_word' id='word_1_6' title='bbox 885 346 936 385; x_wconf 91' lang='lat' dir='ltr'><strong>et</strong></span> <span class='ocrx_word' id='word_1_7' title='bbox 978 342 1028 384; x_wconf 92' lang='lat' dir='ltr'><strong>in</strong></span> <span class='ocrx_word' id='word_1_8' title='bbox 1066 337 1159 385; x_wconf 88' lang='lat' dir='ltr'><strong>hoc</strong></span> <span class='ocrx_word' id='word_1_9' title='bbox 1192 346 1368 385; x_wconf 88' lang='lat' dir='ltr'><strong>tamen</strong></span> <span class='ocrx_word' id='word_1_10' title='bbox 1400 354 1586 401; x_wconf 85' lang='lat' dir='ltr'><strong>genere</strong></span> <span class='ocrx_word' id='word_1_11' title='bbox 1621 344 1674 384; x_wconf 93' lang='lat' dir='ltr'><strong>et</strong></span> <span class='ocrx_word' id='word_1_12' title='bbox 1705 341 1756 384; x_wconf 91' lang='lat' dir='ltr'><strong>in</strong></span> 
     </span>
     <span class='ocr_line' id='line_1_3' title="bbox 273 425 1756 486; baseline 0 -15"><span class='ocrx_word' id='word_1_13' title='bbox 273 429 407 471; x_wconf 90' lang='lat' dir='ltr'><strong>omni</strong></span> <span class='ocrx_word' id='word_1_14' title='bbox 441 425 536 471; x_wconf 90' lang='lat' dir='ltr'><strong>alio</strong></span> <span class='ocrx_word' id='word_1_15' title='bbox 561 426 940 472; x_wconf 70' lang='lat' dir='ltr'>subministrant</span> <span class='ocrx_word' id='word_1_16' title='bbox 967 442 1084 471; x_wconf 85' lang='lat' dir='ltr'><strong>vasa</strong></span> <span class='ocrx_word' id='word_1_17' title='bbox 1113 428 1220 486; x_wconf 89' lang='lat' dir='ltr'><strong>ipsa</strong></span> <span class='ocrx_word' id='word_1_18' title='bbox 1254 425 1585 471; x_wconf 73' lang='lat' dir='ltr'><strong>condimentis</strong></span> <span class='ocrx_word' id='word_1_19' title='bbox 1618 427 1756 486; x_wconf 88' lang='lat' dir='ltr'><strong>picis,</strong></span> 
     </span>
     <span class='ocr_line' id='line_1_4' title="bbox 273 511 1610 573; baseline -0.001 -15"><span class='ocrx_word' id='word_1_20' title='bbox 273 515 409 558; x_wconf 89' lang='lat' dir='ltr'><strong>cuius</strong></span> <span class='ocrx_word' id='word_1_21' title='bbox 433 511 696 558; x_wconf 84' lang='lat' dir='ltr'><strong>faciendae</strong></span> <span class='ocrx_word' id='word_1_22' title='bbox 721 516 849 558; x_wconf 90' lang='lat' dir='ltr'><strong>ratio</strong></span> <span class='ocrx_word' id='word_1_23' title='bbox 874 515 1100 573; x_wconf 86' lang='lat' dir='ltr'><strong>proximo</strong></span> <span class='ocrx_word' id='word_1_24' title='bbox 1125 512 1321 558; x_wconf 90' lang='lat' dir='ltr'><strong>dicetur</strong></span> <span class='ocrx_word' id='word_1_25' title='bbox 1346 511 1610 557; x_wconf 87' lang='lat' dir='ltr'><strong>volumine.</strong></span> 
     </span>
    </p>

    <p class='ocr_par' dir='ltr' id='par_1_3' title="bbox 174 597 1756 1355">
     <span class='ocr_line' id='line_1_5' title="bbox 174 597 1756 660; baseline 0.002 -19"><span class='ocrx_word' id='word_1_26' title='bbox 174 603 250 642; x_wconf 83' lang='lat'><strong>122</strong></span> <span class='ocrx_word' id='word_1_27' title='bbox 336 597 494 645; x_wconf 90' lang='lat' dir='ltr'><strong>XXV.</strong></span> <span class='ocrx_word' id='word_1_28' title='bbox 530 599 779 644; x_wconf 84' lang='lat' dir='ltr'>Arborum</span> <span class='ocrx_word' id='word_1_29' title='bbox 795 615 911 645; x_wconf 91' lang='lat' dir='ltr'><strong>suco</strong></span> <span class='ocrx_word' id='word_1_30' title='bbox 927 601 1241 644; x_wconf 75' lang='lat' dir='ltr'><strong>manantium</strong></span> <span class='ocrx_word' id='word_1_31' title='bbox 1260 601 1424 660; x_wconf 86' lang='lat' dir='ltr'><strong>picem</strong></span> <span class='ocrx_word' id='word_1_32' title='bbox 1439 601 1756 660; x_wconf 83' lang='lat' dir='ltr'><strong>resinamque</strong></span> 
     </span>
     <span class='ocr_line' id='line_1_6' title="bbox 271 683 1756 746; baseline 0 -17"><span class='ocrx_word' id='word_1_33' title='bbox 271 684 399 731; x_wconf 88' lang='lat' dir='ltr'><strong>aliae</strong></span> <span class='ocrx_word' id='word_1_34' title='bbox 430 693 572 731; x_wconf 89' lang='lat' dir='ltr'><strong>ortae</strong></span> <span class='ocrx_word' id='word_1_35' title='bbox 603 689 653 730; x_wconf 87' lang='lat' dir='ltr'><strong>in</strong></span> <span class='ocrx_word' id='word_1_36' title='bbox 684 689 878 731; x_wconf 87' lang='lat' dir='ltr'><strong>oriente</strong></span> <span class='ocrx_word' id='word_1_37' title='bbox 909 685 1039 731; x_wconf 90' lang='lat' dir='ltr'><strong>aliae</strong></span> <span class='ocrx_word' id='word_1_38' title='bbox 1068 688 1120 731; x_wconf 90' lang='lat' dir='ltr'><strong>in</strong></span> <span class='ocrx_word' id='word_1_39' title='bbox 1150 685 1351 746; x_wconf 88' lang='lat' dir='ltr'><strong>Europa</strong></span> <span class='ocrx_word' id='word_1_40' title='bbox 1380 683 1549 731; x_wconf 85' lang='lat' dir='ltr'><strong>ferunt</strong></span> <span class='ocrx_word' id='word_1_41' title='bbox 1566 699 1578 739; x_wconf 90' lang='lat'>;</span> <span class='ocrx_word' id='word_1_42' title='bbox 1626 699 1756 746; x_wconf 90' lang='lat' dir='ltr'><strong>quae</strong></span> 
     </span>
     <span class='ocr_line' id='line_1_7' title="bbox 271 770 1756 835; baseline -0.001 -18"><span class='ocrx_word' id='word_1_43' title='bbox 271 774 482 818; x_wconf 88' lang='lat' dir='ltr'><strong>interest</strong></span> <span class='ocrx_word' id='word_1_44' title='bbox 516 772 638 818; x_wconf 89' lang='lat' dir='ltr'><strong>Asia</strong></span> <span class='ocrx_word' id='word_1_45' title='bbox 671 776 924 835; x_wconf 75' lang='lat' dir='ltr'><strong>utrimque</strong></span> <span class='ocrx_word' id='word_1_46' title='bbox 959 772 1205 835; x_wconf 88' lang='lat' dir='ltr'><strong>quasdam</strong></span> <span class='ocrx_word' id='word_1_47' title='bbox 1237 770 1409 818; x_wconf 90' lang='lat' dir='ltr'><strong>habet.</strong></span> <span class='ocrx_word' id='word_1_48' title='bbox 1476 774 1529 817; x_wconf 92' lang='lat' dir='ltr'><strong>in</strong></span> <span class='ocrx_word' id='word_1_49' title='bbox 1561 774 1756 817; x_wconf 91' lang='lat' dir='ltr'><strong>oriente</strong></span> 
     </span>
     <span class='ocr_line' id='line_1_8' title="bbox 271 857 1753 921; baseline -0.002 -16"><span class='ocrx_word' id='word_1_50' title='bbox 271 862 516 920; x_wconf 79' lang='lat' dir='ltr'><strong>optimam</strong></span> <span class='ocrx_word' id='word_1_51' title='bbox 555 863 1003 921; x_wconf 74' lang='lat' dir='ltr'><strong>tenuissimamque</strong></span> <span class='ocrx_word' id='word_1_52' title='bbox 1044 857 1319 905; x_wconf 88' lang='lat' dir='ltr'><strong>terebinthi</strong></span> <span class='ocrx_word' id='word_1_53' title='bbox 1359 858 1595 913; x_wconf 86' lang='lat' dir='ltr'><strong>fundunt,</strong></span> <span class='ocrx_word' id='word_1_54' title='bbox 1635 857 1753 904; x_wconf 89' lang='lat' dir='ltr'><strong>dein</strong></span> 
     </span>
     <span class='ocr_line' id='line_1_9' title="bbox 271 944 1753 1008; baseline -0.001 -17"><span class='ocrx_word' id='word_1_55' title='bbox 271 944 481 1000; x_wconf 88' lang='lat' dir='ltr'><strong>lentisci,</strong></span> <span class='ocrx_word' id='word_1_56' title='bbox 516 962 666 1008; x_wconf 91' lang='lat' dir='ltr'><strong>quam</strong></span> <span class='ocrx_word' id='word_1_57' title='bbox 701 954 753 992; x_wconf 89' lang='lat' dir='ltr'><strong>et</strong></span> <span class='ocrx_word' id='word_1_58' title='bbox 788 949 1032 992; x_wconf 86' lang='lat' dir='ltr'><strong>masticen</strong></span> <span class='ocrx_word' id='word_1_59' title='bbox 1073 953 1270 1001; x_wconf 90' lang='lat' dir='ltr'><strong>vocant,</strong></span> <span class='ocrx_word' id='word_1_60' title='bbox 1303 952 1482 1007; x_wconf 88' lang='lat' dir='ltr'><strong>postea</strong></span> <span class='ocrx_word' id='word_1_61' title='bbox 1515 947 1753 1006; x_wconf 87' lang='lat' dir='ltr'><strong>cupressi,</strong></span> 
     </span>
     <span class='ocr_line' id='line_1_10' title="bbox 271 1032 1756 1095; baseline -0.001 -17"><span class='ocrx_word' id='word_1_62' title='bbox 271 1036 566 1078; x_wconf 86' lang='lat' dir='ltr'><strong>acerrimam</strong></span> <span class='ocrx_word' id='word_1_63' title='bbox 601 1049 795 1094; x_wconf 89' lang='lat' dir='ltr'><strong>sapore,</strong></span> <span class='ocrx_word' id='word_1_64' title='bbox 830 1032 1073 1095; x_wconf 87' lang='lat' dir='ltr'><strong>liquidam</strong></span> <span class='ocrx_word' id='word_1_65' title='bbox 1108 1048 1280 1078; x_wconf 90' lang='lat' dir='ltr'><strong>omnes</strong></span> <span class='ocrx_word' id='word_1_66' title='bbox 1317 1039 1369 1078; x_wconf 95' lang='lat' dir='ltr'><strong>et</strong></span> <span class='ocrx_word' id='word_1_67' title='bbox 1402 1038 1606 1078; x_wconf 89' lang='lat' dir='ltr'><strong>tantum</strong></span> <span class='ocrx_word' id='word_1_68' title='bbox 1639 1034 1756 1077; x_wconf 77' lang='lat' dir='ltr'><strong>resi-</strong></span> 
     </span>
     <span class='ocr_line' id='line_1_11' title="bbox 270 1117 1753 1181; baseline 0.001 -18"><span class='ocrx_word' id='word_1_69' title='bbox 270 1136 404 1174; x_wconf 89' lang='lat' dir='ltr'><strong>nam,</strong></span> <span class='ocrx_word' id='word_1_70' title='bbox 438 1123 730 1166; x_wconf 87' lang='lat' dir='ltr'><strong>crassiorem</strong></span> <span class='ocrx_word' id='word_1_71' title='bbox 764 1136 881 1165; x_wconf 92' lang='lat' dir='ltr'><strong>vero</strong></span> <span class='ocrx_word' id='word_1_72' title='bbox 917 1127 970 1166; x_wconf 88' lang='lat' dir='ltr'><strong>et</strong></span> <span class='ocrx_word' id='word_1_73' title='bbox 1005 1119 1069 1165; x_wconf 87' lang='lat' dir='ltr'><strong>ad</strong></span> <span class='ocrx_word' id='word_1_74' title='bbox 1102 1122 1237 1181; x_wconf 90' lang='lat' dir='ltr'><strong>pices</strong></span> <span class='ocrx_word' id='word_1_75' title='bbox 1271 1118 1528 1165; x_wconf 89' lang='lat' dir='ltr'><strong>faciendas</strong></span> <span class='ocrx_word' id='word_1_76' title='bbox 1562 1117 1753 1165; x_wconf 81' lang='lat' dir='ltr'><strong>cedrus,</strong></span> 
     </span>
     <span class='ocr_line' id='line_1_12' title="bbox 275 1205 1755 1267; baseline -0.001 -16"><span class='ocrx_word' id='word_1_77' title='bbox 275 1206 491 1252; x_wconf 90' lang='lat' dir='ltr'><strong>Arabica</strong></span> <span class='ocrx_word' id='word_1_78' title='bbox 513 1210 677 1252; x_wconf 89' lang='lat' dir='ltr'><strong>resina</strong></span> <span class='ocrx_word' id='word_1_79' title='bbox 701 1206 814 1251; x_wconf 88' lang='lat' dir='ltr'><strong>alba</strong></span> <span class='ocrx_word' id='word_1_80' title='bbox 839 1214 933 1261; x_wconf 91' lang='lat' dir='ltr'><strong>est,</strong></span> <span class='ocrx_word' id='word_1_81' title='bbox 957 1209 1056 1252; x_wconf 91' lang='lat' dir='ltr'><strong>acri</strong></span> <span class='ocrx_word' id='word_1_82' title='bbox 1080 1206 1249 1261; x_wconf 87' lang='lat' dir='ltr'><strong>odore,</strong></span> <span class='ocrx_word' id='word_1_83' title='bbox 1272 1205 1479 1252; x_wconf 83' lang='lat' dir='ltr'><strong>difficilis</strong></span> <span class='ocrx_word' id='word_1_84' title='bbox 1503 1207 1755 1267; x_wconf 89' lang='lat' dir='ltr'><strong>coquenti,</strong></span> 
     </span>
     <span class='ocr_line' id='line_1_13' title="bbox 273 1291 1754 1355; baseline -0.001 -17"><span class='ocrx_word' id='word_1_85' title='bbox 273 1291 463 1339; x_wconf 89' lang='lat' dir='ltr'><strong>Iudaea</strong></span> <span class='ocrx_word' id='word_1_86' title='bbox 501 1292 727 1339; x_wconf 88' lang='lat' dir='ltr'><strong>callosior</strong></span> <span class='ocrx_word' id='word_1_87' title='bbox 768 1300 820 1339; x_wconf 87' lang='lat' dir='ltr'><strong>et</strong></span> <span class='ocrx_word' id='word_1_88' title='bbox 860 1291 1204 1339; x_wconf 87' lang='lat' dir='ltr'><strong>terebinthina</strong></span> <span class='ocrx_word' id='word_1_89' title='bbox 1246 1308 1445 1355; x_wconf 90' lang='lat' dir='ltr'><strong>quoque</strong></span> <span class='ocrx_word' id='word_1_90' title='bbox 1487 1291 1754 1346; x_wconf 77' lang='lat' dir='ltr'><strong>odoratior,</strong></span> 
     </span>
    </p>

    <p class='ocr_par' dir='ltr' id='par_1_4' title="bbox 175 1378 1755 2137">
     <span class='ocr_line' id='line_1_14' title="bbox 175 1378 1755 1442; baseline 0.001 -19"><span class='ocrx_word' id='word_1_91' title='bbox 175 1384 251 1424; x_wconf 86' lang='lat'><strong>123</strong></span> <span class='ocrx_word' id='word_1_92' title='bbox 274 1378 478 1442; x_wconf 90' lang='lat' dir='ltr'><strong>Syriaca</strong></span> <span class='ocrx_word' id='word_1_93' title='bbox 517 1380 677 1426; x_wconf 88' lang='lat' dir='ltr'><strong>Attici</strong></span> <span class='ocrx_word' id='word_1_94' title='bbox 717 1379 875 1426; x_wconf 88' lang='lat' dir='ltr'><strong>mellis</strong></span> <span class='ocrx_word' id='word_1_95' title='bbox 916 1379 1294 1426; x_wconf 89' lang='lat' dir='ltr'><strong>similitudinem</strong></span> <span class='ocrx_word' id='word_1_96' title='bbox 1333 1378 1506 1425; x_wconf 88' lang='lat' dir='ltr'><strong>habet.</strong></span> <span class='ocrx_word' id='word_1_97' title='bbox 1573 1378 1755 1441; x_wconf 89' lang='lat' dir='ltr'><strong>Cypria</strong></span> 
     </span>
     <span class='ocr_line' id='line_1_15' title="bbox 272 1465 1753 1522; baseline -0.001 -11"><span class='ocrx_word' id='word_1_98' title='bbox 272 1466 528 1513; x_wconf 85' lang='lat' dir='ltr'><strong>antecedit</strong></span> <span class='ocrx_word' id='word_1_99' title='bbox 585 1483 775 1522; x_wconf 86' lang='lat' dir='ltr'><strong>omnes,</strong></span> <span class='ocrx_word' id='word_1_100' title='bbox 833 1469 958 1513; x_wconf 91' lang='lat' dir='ltr'><strong>item</strong></span> <span class='ocrx_word' id='word_1_101' title='bbox 983 1466 1002 1495; x_wconf 77' lang='lat'>1</span> <span class='ocrx_word' id='word_1_102' title='bbox 1059 1465 1239 1512; x_wconf 88' lang='lat' dir='ltr'><strong>melleo</strong></span> <span class='ocrx_word' id='word_1_103' title='bbox 1295 1465 1476 1521; x_wconf 91' lang='lat' dir='ltr'><strong>colore,</strong></span> <span class='ocrx_word' id='word_1_104' title='bbox 1532 1481 1753 1512; x_wconf 88' lang='lat' dir='ltr'><strong>carnosa.</strong></span> 
     </span>
     <span class='ocr_line' id='line_1_16' title="bbox 271 1551 1754 1615; baseline -0.001 -17"><span class='ocrx_word' id='word_1_105' title='bbox 271 1552 577 1615; x_wconf 89' lang='lat' dir='ltr'><strong>Colophonia</strong></span> <span class='ocrx_word' id='word_1_106' title='bbox 612 1561 817 1615; x_wconf 87' lang='lat' dir='ltr'><strong>praeter</strong></span> <span class='ocrx_word' id='word_1_107' title='bbox 842 1560 1038 1600; x_wconf 89' lang='lat' dir='ltr'><strong>ceteras</strong></span> <span class='ocrx_word' id='word_1_108' title='bbox 1065 1553 1217 1609; x_wconf 87' lang='lat' dir='ltr'><strong>fulva,</strong></span> <span class='ocrx_word' id='word_1_109' title='bbox 1243 1556 1283 1599; x_wconf 92' lang='lat' dir='ltr'><strong>si</strong></span> <span class='ocrx_word' id='word_1_110' title='bbox 1309 1560 1507 1599; x_wconf 88' lang='lat' dir='ltr'><strong>teratur</strong></span> <span class='ocrx_word' id='word_1_111' title='bbox 1539 1551 1654 1598; x_wconf 88' lang='lat' dir='ltr'><strong>alba</strong></span> <span class='ocrx_word' id='word_1_112' title='bbox 1681 1552 1754 1607; x_wconf 89' lang='lat' dir='ltr'><strong>fit,</strong></span> 
     </span>
     <span class='ocr_line' id='line_1_17' title="bbox 269 1640 1752 1702; baseline -0.001 -16"><span class='ocrx_word' id='word_1_113' title='bbox 269 1644 465 1702; x_wconf 86' lang='lat' dir='ltr'><strong>gravior</strong></span> <span class='ocrx_word' id='word_1_114' title='bbox 502 1640 681 1687; x_wconf 86' lang='lat' dir='ltr'><strong>odore:</strong></span> <span class='ocrx_word' id='word_1_115' title='bbox 737 1640 800 1686; x_wconf 94' lang='lat' dir='ltr'><strong>ob</strong></span> <span class='ocrx_word' id='word_1_116' title='bbox 838 1641 889 1686; x_wconf 93' lang='lat' dir='ltr'><strong>id</strong></span> <span class='ocrx_word' id='word_1_117' title='bbox 928 1657 1027 1686; x_wconf 91' lang='lat' dir='ltr'><strong>non</strong></span> <span class='ocrx_word' id='word_1_118' title='bbox 1065 1647 1277 1686; x_wconf 91' lang='lat' dir='ltr'><strong>utuntur</strong></span> <span class='ocrx_word' id='word_1_119' title='bbox 1315 1656 1376 1686; x_wconf 90' lang='lat' dir='ltr'><strong>ea</strong></span> <span class='ocrx_word' id='word_1_120' title='bbox 1414 1641 1752 1702; x_wconf 81' lang='lat' dir='ltr'><strong>unguentarii.</strong></span> 
     </span>
     <span class='ocr_line' id='line_1_18' title="bbox 270 1724 1752 1790; baseline -0.001 -18"><span class='ocrx_word' id='word_1_121' title='bbox 270 1730 321 1772; x_wconf 92' lang='lat' dir='ltr'><strong>in</strong></span> <span class='ocrx_word' id='word_1_122' title='bbox 347 1727 469 1773; x_wconf 88' lang='lat' dir='ltr'><strong>Asia</strong></span> <span class='ocrx_word' id='word_1_123' title='bbox 496 1743 626 1790; x_wconf 89' lang='lat' dir='ltr'><strong>quae</strong></span> <span class='ocrx_word' id='word_1_124' title='bbox 655 1728 709 1773; x_wconf 88' lang='lat' dir='ltr'><strong>fit</strong></span> <span class='ocrx_word' id='word_1_125' title='bbox 740 1744 766 1774; x_wconf 91' lang='lat' dir='ltr'><strong>e</strong></span> <span class='ocrx_word' id='word_1_126' title='bbox 793 1730 954 1789; x_wconf 89' lang='lat' dir='ltr'><strong>picea,</strong></span> <span class='ocrx_word' id='word_1_127' title='bbox 982 1727 1254 1773; x_wconf 86' lang='lat' dir='ltr'><strong>admodum</strong></span> <span class='ocrx_word' id='word_1_128' title='bbox 1280 1726 1513 1782; x_wconf 89' lang='lat' dir='ltr'><strong>candida,</strong></span> <span class='ocrx_word' id='word_1_129' title='bbox 1537 1724 1752 1788; x_wconf 86' lang='lat' dir='ltr'><strong>psagdas</strong></span> 
     </span>
     <span class='ocr_line' id='line_1_19' title="bbox 270 1813 1752 1876; baseline -0.001 -16"><span class='ocrx_word' id='word_1_130' title='bbox 270 1821 490 1860; x_wconf 85' lang='lat' dir='ltr'><strong>vocatur.</strong></span> <span class='ocrx_word' id='word_1_131' title='bbox 559 1818 722 1860; x_wconf 88' lang='lat' dir='ltr'><strong>resina</strong></span> <span class='ocrx_word' id='word_1_132' title='bbox 761 1818 920 1860; x_wconf 87' lang='lat' dir='ltr'><strong>omnis</strong></span> <span class='ocrx_word' id='word_1_133' title='bbox 960 1814 1243 1860; x_wconf 87' lang='lat' dir='ltr'><strong>dissolvitur</strong></span> <span class='ocrx_word' id='word_1_134' title='bbox 1282 1813 1408 1869; x_wconf 91' lang='lat' dir='ltr'><strong>oleo,</strong></span> <span class='ocrx_word' id='word_1_135' title='bbox 1449 1813 1653 1876; x_wconf 90' lang='lat' dir='ltr'><strong>quidam</strong></span> <span class='ocrx_word' id='word_1_136' title='bbox 1701 1820 1752 1858; x_wconf 92' lang='lat' dir='ltr'><strong>et</strong></span> 
     </span>
     <span class='ocr_line' id='line_1_20' title="bbox 269 1899 1752 1964; baseline -0.001 -18"><span class='ocrx_word' id='word_1_137' title='bbox 269 1908 409 1947; x_wconf 87' lang='lat' dir='ltr'><strong>creta</strong></span> <span class='ocrx_word' id='word_1_138' title='bbox 453 1901 769 1964; x_wconf 83' lang='lat' dir='ltr'><strong>figulinarum</strong></span> <span class='ocrx_word' id='word_1_139' title='bbox 812 1900 905 1947; x_wconf 87' lang='lat' dir='ltr'><strong>hoc</strong></span> <span class='ocrx_word' id='word_1_140' title='bbox 949 1900 1055 1947; x_wconf 89' lang='lat' dir='ltr'><strong>fieri</strong></span> <span class='ocrx_word' id='word_1_141' title='bbox 1098 1901 1433 1955; x_wconf 82' lang='lat' dir='ltr'><strong>arbitrantur3</strong></span> <span class='ocrx_word' id='word_1_142' title='bbox 1493 1899 1752 1962; x_wconf 88' lang='lat' dir='ltr'><strong>pudetque</strong></span> 
     </span>
     <span class='ocr_line' id='line_1_21' title="bbox 269 1985 1751 2034; baseline -0.001 0"><span class='ocrx_word' id='word_1_143' title='bbox 269 1987 496 2034; x_wconf 88' lang='lat' dir='ltr'><strong>confiteri</strong></span> <span class='ocrx_word' id='word_1_144' title='bbox 510 1992 786 2034; x_wconf 88' lang='lat' dir='ltr'><strong>maximum</strong></span> <span class='ocrx_word' id='word_1_145' title='bbox 798 1991 901 2034; x_wconf 91' lang='lat' dir='ltr'><strong>iam</strong></span> <span class='ocrx_word' id='word_1_146' title='bbox 915 1986 1156 2034; x_wconf 90' lang='lat' dir='ltr'><strong>honorem</strong></span> <span class='ocrx_word' id='word_1_147' title='bbox 1173 1991 1277 2034; x_wconf 90' lang='lat' dir='ltr'><strong>eius</strong></span> <span class='ocrx_word' id='word_1_148' title='bbox 1295 2004 1402 2034; x_wconf 87' lang='lat' dir='ltr'><strong>esse</strong></span> <span class='ocrx_word' id='word_1_149' title='bbox 1416 1990 1467 2033; x_wconf 92' lang='lat' dir='ltr'><strong>in</strong></span> <span class='ocrx_word' id='word_1_150' title='bbox 1484 1985 1751 2034; x_wconf 86' lang='lat' dir='ltr'><strong>evellendis</strong></span> 
     </span>
     <span class='ocr_line' id='line_1_22' title="bbox 270 2074 850 2137; baseline 0.002 -17"><span class='ocrx_word' id='word_1_151' title='bbox 270 2077 485 2120; x_wconf 91' lang='lat' dir='ltr'><strong>virorum</strong></span> <span class='ocrx_word' id='word_1_152' title='bbox 509 2078 700 2137; x_wconf 91' lang='lat' dir='ltr'><strong>corpori</strong></span> <span class='ocrx_word' id='word_1_153' title='bbox 725 2074 850 2137; x_wconf 90' lang='lat' dir='ltr'><strong>pilis.</strong></span> 
     </span>
    </p>

    <p class='ocr_par' dir='ltr' id='par_1_5' title="bbox 173 2161 1750 2311">
     <span class='ocr_line' id='line_1_23' title="bbox 173 2161 1750 2224; baseline 0.002 -21"><span class='ocrx_word' id='word_1_154' title='bbox 173 2165 250 2205; x_wconf 84' lang='lat'><strong>124</strong></span> <span class='ocrx_word' id='word_1_155' title='bbox 337 2161 485 2207; x_wconf 88' lang='lat' dir='ltr'><strong>Ratio</strong></span> <span class='ocrx_word' id='word_1_156' title='bbox 512 2169 684 2208; x_wconf 89' lang='lat' dir='ltr'><strong>autem</strong></span> <span class='ocrx_word' id='word_1_157' title='bbox 701 2161 966 2208; x_wconf 89' lang='lat' dir='ltr'><strong>condiendi</strong></span> <span class='ocrx_word' id='word_1_158' title='bbox 986 2168 1153 2208; x_wconf 87' lang='lat' dir='ltr'><strong>musta</strong></span> <span class='ocrx_word' id='word_1_159' title='bbox 1179 2165 1229 2207; x_wconf 92' lang='lat' dir='ltr'><strong>in</strong></span> <span class='ocrx_word' id='word_1_160' title='bbox 1254 2165 1414 2224; x_wconf 90' lang='lat' dir='ltr'><strong>primo</strong></span> <span class='ocrx_word' id='word_1_161' title='bbox 1434 2161 1646 2216; x_wconf 86' lang='lat' dir='ltr'><strong>fervore,</strong></span> <span class='ocrx_word' id='word_1_162' title='bbox 1667 2164 1750 2223; x_wconf 91' lang='lat' dir='ltr'><strong>qui</strong></span> 
     </span>
     <span class='ocr_line' id='line_1_24' title="bbox 270 2247 1749 2311; baseline 0 -18"><span class='ocrx_word' id='word_1_163' title='bbox 270 2263 450 2294; x_wconf 88' lang='lat' dir='ltr'><strong>novem</strong></span> <span class='ocrx_word' id='word_1_164' title='bbox 495 2248 671 2295; x_wconf 90' lang='lat' dir='ltr'><strong>diebus</strong></span> <span class='ocrx_word' id='word_1_165' title='bbox 717 2266 830 2295; x_wconf 89' lang='lat' dir='ltr'><strong>cum</strong></span> <span class='ocrx_word' id='word_1_166' title='bbox 876 2248 1144 2310; x_wconf 90' lang='lat' dir='ltr'><strong>plurimum</strong></span> <span class='ocrx_word' id='word_1_167' title='bbox 1190 2252 1465 2311; x_wconf 85' lang='lat' dir='ltr'><strong>peragitur,</strong></span> <span class='ocrx_word' id='word_1_168' title='bbox 1511 2247 1749 2310; x_wconf 87' lang='lat' dir='ltr'><strong>adspersu</strong></span> 
     </span>
    </p>
   </div>
   <div class='ocr_carea' id='block_1_3' title="bbox 570 2357 1432 2409">
    <p class='ocr_par' dir='ltr' id='par_1_6' title="bbox 570 2357 1432 2409">
     <span class='ocr_line' id='line_1_25' title="bbox 570 2357 1432 2409; baseline 0 -12"><span class='ocrx_word' id='word_1_169' title='bbox 570 2358 585 2382; x_wconf 81' lang='lat'>²</span> <span class='ocrx_word' id='word_1_170' title='bbox 617 2357 836 2409; x_wconf 79' lang='lat' dir='ltr'><strong>Maylzoff:</strong></span> <span class='ocrx_word' id='word_1_171' title='bbox 868 2362 1016 2397; x_wconf 76' lang='lat' dir='ltr'><strong>autem</strong></span> <span class='ocrx_word' id='word_1_172' title='bbox 1037 2361 1121 2409; x_wconf 83' lang='lat' dir='ltr'><strong>(est</strong></span> <span class='ocrx_word' id='word_1_173' title='bbox 1142 2363 1290 2397; x_wconf 77' lang='lat' dir='ltr'><strong>autem</strong></span> <span class='ocrx_word' id='word_1_174' title='bbox 1312 2357 1432 2407; x_wconf 51' lang='lat' dir='ltr'><strong>edd).</strong></span> 
     </span>
    </p>
   </div>
   <div class='ocr_carea' id='block_1_4' title="bbox 738 2517 1246 2558">
    <p class='ocr_par' dir='ltr' id='par_1_7' title="bbox 738 2517 1246 2558">
     <span class='ocr_line' id='line_1_26' title="bbox 738 2517 1246 2558; baseline 0.004 -2"><span class='ocrx_word' id='word_1_175' title='bbox 738 2524 757 2542; x_wconf 76' lang='lat'><em>⁰</em></span> <span class='ocrx_word' id='word_1_176' title='bbox 786 2518 889 2558; x_wconf 76' lang='lat' dir='ltr'><strong>Part</strong></span> <span class='ocrx_word' id='word_1_177' title='bbox 910 2518 959 2558; x_wconf 87' lang='lat' dir='ltr'><strong>of</strong></span> <span class='ocrx_word' id='word_1_178' title='bbox 973 2517 1074 2557; x_wconf 83' lang='lat' dir='ltr'><strong>Asia</strong></span> <span class='ocrx_word' id='word_1_179' title='bbox 1094 2518 1246 2558; x_wconf 85' lang='lat' dir='ltr'><strong>Minor.</strong></span> 
     </span>
    </p>
   </div>
   <div class='ocr_carea' id='block_1_5' title="bbox 279 2594 366 2639">
    <p class='ocr_par' dir='ltr' id='par_1_8' title="bbox 279 2594 366 2639">
     <span class='ocr_line' id='line_1_27' title="bbox 279 2594 366 2639; baseline 0.011 -1"><span class='ocrx_word' id='word_1_180' title='bbox 279 2594 366 2639; x_wconf 85' lang='lat'><strong>266</strong></span> 
     </span>
    </p>
   </div>
  </div>
 </body>
</html>
