1909 2998
247 676 299 714 96

245 1237 295 1275 97

241 1892 294 1931 98

588 167 831 213 PLINY:
897 167 1224 213 NATURAL
1269 166 1564 214 HISTORY

333 295 472 350 larix,
490 297 636 357 pinus
656 294 754 340 ullo
774 293 894 340 flore
915 293 1258 340 exhilarantur
1278 293 1534 341 natalesve
1550 311 1812 358 pomorum

332 404 520 433 annuos
551 387 833 434 versicolori
866 390 1042 433 nuntio
1072 390 1393 450 promittunt,
1425 404 1518 434 nec
1550 387 1627 433 fici
1659 394 1811 450 atque

330 481 564 545 caprifici,
598 484 825 544 protinus
863 484 996 527 enim
1034 480 1252 526 fructum
1285 497 1377 543 pro
1413 479 1533 527 flore
1569 484 1812 544 gignunt:

332 577 382 620 in
431 574 533 620 ficis
582 574 832 620 mirabiles
883 581 998 620 sunt
1049 581 1102 619 et
1151 574 1354 619 abortus
1406 577 1488 636 qui
1538 591 1811 637 numquam

333 675 690 714 maturescunt.
760 684 852 714 nec
887 670 1100 731 iuniperi
1137 666 1344 713 florent:
1400 667 1604 730 quidam
1640 684 1811 714 earum

330 762 428 808 duo
452 778 640 825 genera
664 761 901 807 tradunt:
945 761 1157 807 alteram
1183 760 1359 807 florere
1386 777 1480 807 nee
1506 760 1655 816 ferre,
1681 778 1810 824 quae

331 872 447 901 vero
493 872 592 901 non
639 854 814 901 floreat
861 854 991 901 ferre
1036 857 1264 919 protinus
1309 855 1444 900 bacis
1492 856 1810 902 nascentibus

331 965 459 1012 quae
491 950 694 995 biennio
726 948 998 1003 haereant;
1047 948 1138 995 sed
1168 948 1220 994 id
1252 947 1448 1004 falsum,
1481 950 1810 1012 omnibusque

329 1042 403 1088 his
454 1043 577 1089 dura
628 1042 779 1088 facies
830 1059 1042 1106 semper.
1111 1045 1180 1088 sie
1231 1049 1284 1089 et
1334 1041 1591 1088 hominum
1642 1043 1811 1090 multis

330 1135 529 1182 fortuna
555 1139 660 1182 sine
687 1135 805 1183 flore
833 1143 924 1183 est.

391 1229 527 1276 XLI.
569 1230 757 1276 Omnes
795 1237 967 1276 autem
1003 1233 1306 1293 germinant,
1344 1233 1498 1277 etiarn
1535 1248 1663 1294 quae
1712 1248 1811 1278 non

329 1322 522 1370 florent.
578 1340 762 1387 magna
782 1331 834 1370 et
852 1323 1071 1370 locorum
1092 1323 1391 1380 differentia,
1408 1327 1592 1388 quippe
1613 1342 1726 1371 cum
1747 1342 1808 1372 ex

329 1417 508 1464 eodem
533 1435 720 1481 genere
747 1434 876 1480 quae
903 1425 1019 1464 sunt
1044 1421 1095 1463 in
1118 1417 1422 1481 palustribus
1446 1421 1611 1482 priora
1629 1422 1810 1482 germi-

328 1519 468 1567 nent,
482 1529 597 1557 mox
611 1514 929 1575 campestria,
942 1514 1208 1557 novissima
1221 1514 1272 1556 in
1285 1511 1414 1557 silvis
1432 1527 1443 1566 3
1466 1529 1558 1575 per
1570 1528 1622 1559 se
1637 1520 1809 1558 autem

327 1605 517 1652 tardius
552 1608 647 1668 piri
684 1605 933 1652 silvestres
972 1622 1123 1667 quam
1159 1605 1403 1661 ceterae,1
1427 1609 1587 1669 primo
1613 1605 1809 1653 favonio

327 1715 521 1755 cornus,
547 1702 775 1762 proxime
806 1698 972 1745 laurus
1000 1699 1252 1762 pauloque
1285 1706 1403 1745 ante
1435 1702 1808 1762 aequinoctium

328 1792 450 1848 tilia,
486 1809 617 1848 acer,
652 1796 784 1839 inter
815 1796 1001 1856 primas
1037 1809 1153 1838 vero
1187 1792 1417 1856 populus,
1454 1793 1632 1850 ulmus,
1667 1794 1807 1850 salix,

328 1886 484 1942 alnus,
527 1902 707 1941 nuces3
749 1886 958 1933 festinat
998 1894 1050 1933 et
1086 1886 1338 1950 platanus.
1407 1886 1650 1934 ceterae²
1691 1904 1806 1934 vere

325 1987 583 2043 coepturo,
605 1979 913 2042 aquifolium,
934 1979 1268 2036 terebinthus,
1291 1980 1530 2044 paliurus,
1553 1988 1807 2038 castanea,

325 2073 550 2136 glandes,
587 2077 805 2120 serotino
842 2081 1013 2120 autem
1049 2077 1275 2137 germine
1312 2074 1488 2130 malus,
1524 2074 1806 2122 tardissimo

326 2167 488 2213 suber.
557 2167 855 2230 quibusdam
885 2171 1171 2231 geminatur
1201 2171 1503 2231 germinatio
1534 2171 1687 2214 nimia
1716 2169 1806 2215 soli

326 2260 559 2306 ubertate
584 2267 672 2307 aut
691 2264 936 2307 invitante
959 2261 1083 2308 caeli
1109 2261 1387 2325 voluptate,
1413 2261 1545 2325 quod
1570 2265 1728 2326 magis
1752 2265 1803 2308 in

838 2416 852 2439 ¹
887 2414 1078 2455 Urlichs:
1113 2420 1270 2456 cetera.

833 2470 847 2492 ²
876 2470 1008 2508 Edd.:
1044 2474 1199 2508 cetera.

321 2568 410 2614 450
