1940 2998
236 491 312 529 155

236 1181 312 1219 156

241 1640 316 1680 157

242 2102 318 2139 158

588 201 832 246 PLINY:
898 199 1229 245 NATURAL
1273 198 1570 245 HISTORY

339 330 566 376 omnibus
621 331 769 374 sacris
824 334 877 373 et
930 329 1138 381 coroniS,
1193 328 1428 388 quoniam
1482 328 1548 371 sit
1600 325 1821 389 lugubris

340 409 528 468 virgine
566 408 670 451 eius
707 406 918 450 nominis
951 410 1161 466 propter
1197 418 1419 448 amorem
1455 405 1645 448 iuvenis
1681 403 1822 449 Croci

337 490 533 528 mutata
555 485 606 527 in
624 481 755 527 hunc
775 480 1023 526 fruticem.
1093 479 1143 525 id
1162 479 1334 542 volgus
1354 482 1585 541 ignorans
1606 479 1823 542 plerum-

341 576 437 622 que
474 559 607 605 festa
642 574 730 604 sua
757 556 936 620 polluit
966 556 1206 602 hederam
1242 555 1593 612 existimando,
1618 558 1745 602 sicut
1772 559 1822 602 in

339 639 502 700 poetis
533 642 620 680 aut
642 634 823 680 Libero
840 641 986 697 patre
1014 640 1101 678 aut
1126 632 1309 688 Sileno,
1336 635 1443 695 quis
1470 635 1669 678 omnino
1689 636 1782 679 scit
1804 633 1822 662 1

341 714 518 776 quibus
543 711 877 758 coronentur?

405 790 447 834 E
472 789 671 835 smilace
698 788 825 833 fiunt
848 786 1089 841 codicilli;
1123 788 1480 850 propriumque
1510 789 1724 832 materia
1748 795 1826 833 est

342 874 398 912 ut
437 866 641 912 admota
680 865 879 910 auribus
918 864 1085 909 lenem
1124 880 1301 909 sonum
1339 863 1536 909 reddat.
1604 862 1823 910 hederae

341 946 465 988 mira
487 942 714 1005 proditur
738 948 917 986 natura
941 940 1004 986 ad
1028 939 1339 1003 experienda
1361 942 1492 994 vina,
1515 942 1554 985 si
1577 956 1662 986 vas
1686 940 1774 986 fiat
1797 957 1824 986 e

341 1020 475 1082 ligno
495 1022 618 1074 eius,
638 1021 752 1064 vina
771 1016 1066 1063 transfluere
1093 1033 1150 1062 ac
1174 1032 1435 1063 remanere
1456 1032 1638 1079 aquam
1663 1019 1703 1063 si
1728 1033 1825 1080 qua

343 1096 495 1142 fuerit
520 1099 694 1141 mixta.

400 1172 579 1218 LXIV.
618 1172 758 1218 Inter
795 1188 856 1217 ea
894 1187 1022 1234 quae
1061 1169 1253 1233 frigidis
1301 1169 1529 1233 gaudent
1576 1176 1630 1216 et
1676 1187 1827 1234 aqua-

340 1253 464 1296 ticos
501 1249 706 1295 frutices
743 1248 928 1294 dixisse
964 1250 1245 1293 conveniat.
1312 1249 1650 1311 principatum
1676 1250 1729 1293 in
1753 1246 1827 1294 his

341 1327 592 1373 tenebunt
646 1324 950 1371 harundines
1004 1324 1123 1370 belli
1174 1326 1412 1387 pacisque
1468 1326 1828 1386 experimentis

342 1406 651 1449 necessariae
713 1409 867 1464 atque
929 1404 1084 1447 etiam
1145 1400 1335 1446 deliciis
1395 1407 1588 1463 gratae.
1655 1400 1828 1464 tegulo

344 1497 514 1527 earum
550 1480 727 1526 domus
764 1495 876 1525 suas
913 1477 1336 1541 septentrionales
1372 1477 1543 1538 populi
1579 1479 1829 1538 operiunt,

344 1558 626 1619 durantque
656 1559 790 1601 aevis
818 1562 958 1601 tecta
986 1555 1137 1608 talia3
1184 1561 1237 1600 et
1265 1557 1316 1599 in
1343 1553 1536 1616 reliquo
1565 1570 1681 1599 vero
1710 1555 1828 1600 orbe

342 1641 393 1680 et
438 1650 661 1679 camaras
705 1632 952 1678 levissime
998 1630 1327 1694 suspendunt.
1400 1629 1686 1693 chartisque
1730 1647 1830 1677 ser-

345 1714 484 1756 viunt
517 1709 711 1764 calami,
747 1710 989 1772 Aegyptii
1024 1711 1242 1753 maxime
1277 1710 1576 1770 cognatione
1613 1707 1829 1770 quadam

342 1790 548 1850 papyri3
585 1787 896 1849 probatiores
921 1793 1094 1830 tamen
1117 1783 1282 1830 Cnidii
1304 1792 1357 1830 et
1380 1787 1463 1846 qui
1484 1787 1535 1829 in
1557 1784 1679 1830 Asia
1700 1787 1830 1831 circa

347 1864 648 1910 Anaeticum
685 1863 847 1909 lacum
886 1869 1171 1907 nascuntur.
1241 1861 1545 1907 nostratibus
1579 1860 1831 1924 fungosior

346 1941 518 1986 subest
550 1947 747 1995 natura,
779 1939 1075 2001 cartilagine
1109 1938 1279 1984 bibula
1312 1954 1440 2000 quae
1473 1953 1594 1983 cavo
1625 1954 1829 2000 corpore

346 2020 497 2072 intus,
524 2033 738 2079 superne
766 2018 906 2061 tenui
934 2018 1169 2060 inarescit
1195 2015 1347 2076 ligno,
1375 2013 1533 2059 fissilis
1557 2022 1831 2077 praeacuta

343 2110 542 2156 semper
578 2096 699 2139 acie.
769 2092 1057 2155 geniculata
1092 2098 1264 2137 cetero
1299 2090 1552 2154 gracilitas
1588 2090 1830 2154 nodisque

728 2199 742 2222 ¹
776 2198 973 2248 Mayhoff
987 2213 995 2236 :
1029 2198 1102 2248 qui
1122 2210 1272 2236 somno
1292 2197 1441 2236 nescit.

406 2355 424 2372 ⁴⁸
452 2348 558 2387 Cato
579 2349 683 2387 RB.
708 2347 830 2386 CXI.

407 2402 421 2426 ὁ
449 2402 540 2448 l.e.‚
573 2402 691 2440 recds
725 2414 795 2439 are
828 2400 930 2438 used
964 2399 1029 2438 for
1061 2399 1244 2448 javelins
1277 2399 1362 2438 and
1397 2398 1682 2449 fishing-rods,
1713 2413 1826 2450 pens,

352 2458 447 2499 etc„
469 2456 552 2493 and
579 2456 639 2492 for
661 2454 770 2492 wind
796 2455 1088 2491 instrumente.

407 2514 420 2531 ⁶
448 2508 536 2547 The
559 2508 654 2546 rccd
676 2507 722 2545 of
741 2507 876 2545 which
899 2519 1030 2557 paper
1051 2519 1136 2544 was
1158 2505 1296 2544 made.

350 2583 440 2638 488
