1940 2998
609 212 854 258 PLINY:
919 211 1249 259 NATURAL
1293 211 1590 259 HISTORY

362 332 568 395 alligant
605 339 658 378 et
690 335 876 379 intorta
905 332 1444 395 corylus—mirumque
1469 339 1677 378 contuso
1700 331 1835 395 ligno

363 413 504 458 alicui
547 415 758 458 maiores
801 412 865 458 ad
902 412 1096 458 vincula
1138 429 1245 458 esse
1283 415 1438 466 vires;
1491 412 1625 458 salici
1662 420 1835 459 tamen

258 499 333 538 177
357 496 626 557 praecipua
674 492 777 539 dos.
847 492 1051 538 finditur
1099 492 1292 538 Graeca
1336 492 1536 548 rubens,
1583 493 1838 539 candidior

251 1224 329 1262 178

252 2104 327 2143 179

359 574 599 619 Amerina
643 573 733 619 sed
763 573 912 636 paulo
945 571 1165 635 fragilior
1195 573 1310 619 ideo
1342 572 1498 618 solido
1528 572 1654 636 ligat
1686 590 1833 620 nexu.

359 657 409 699 in
455 654 575 700 Asia
619 657 716 700 tria
760 670 948 716 genera
993 654 1287 699 observant:
1350 656 1543 716 nigram
1589 653 1836 701 utiliorem

360 735 639 789 viminibus,
693 733 959 780 candidam
1014 733 1340 796 agricolarum
1394 734 1580 790 usibuS,
1633 738 1836 781 tertiam

359 831 488 877 quae
545 815 835 860 brevissima
893 821 970 860 est
1026 813 1238 860 helicem
1295 821 1489 860 vocant.
1559 815 1692 878 apud
1749 833 1836 862 nos

359 912 558 957 quoque
594 894 739 941 multi
774 894 989 941 totidem
1024 895 1291 957 generibus
1327 897 1527 940 nomina
1562 897 1836 958 inponunt:

358 992 510 1021 unam
533 974 551 1003 ¹
600 975 884 1021 viminalem
931 982 1109 1021 vocant
1158 974 1472 1037 eandemque
1516 992 1836 1039 purpuream,

361 1055 571 1101 alteram
628 1055 907 1101 nitellinam
965 1072 994 1100 a
1049 1055 1229 1110 colore,
1277 1071 1405 1117 quae
1459 1054 1571 1101 est²
1622 1060 1837 1113 tenuior,

358 1138 564 1182 tertiam
589 1135 831 1181 Gallicam
856 1152 984 1198 quae
1008 1138 1314 1181 tenuissima.

417 1215 572 1262 LXX.
614 1215 718 1262 Nec
748 1219 799 1261 in
828 1215 1066 1262 fruticum
1096 1232 1188 1261 nec
1218 1219 1269 1261 in
1299 1218 1525 1279 veprium
1555 1216 1833 1265 cauliumve

359 1313 524 1359 neque
561 1299 611 1341 in
647 1295 915 1342 herbarum
950 1303 1037 1342 aut
1069 1295 1164 1341 alio
1201 1295 1300 1342 ullo
1338 1312 1489 1358 quam
1525 1313 1613 1343 suo
1648 1314 1835 1360 genere

358 1384 685 1422 numerentur
709 1379 814 1422 iure
836 1379 982 1440 scirpi
1003 1375 1203 1439 fragiles
1220 1375 1588 1439 palustresque,
1609 1394 1636 1423 e
1658 1379 1834 1440 quibus

356 1457 586 1520 tegulum
605 1463 907 1520 tegetesque
928 1464 980 1502 et
1000 1460 1084 1519 qui
1099 1456 1119 1486 ³
1144 1456 1373 1503 detracto
1392 1459 1577 1503 cortice
1596 1458 1834 1506 candelae

358 1537 624 1583 luminibus
651 1544 703 1583 et
728 1536 984 1583 funeribus
1018 1540 1254 1583 serviunt.
1324 1537 1507 1583 firmior
1539 1539 1835 1600 quibusdam

356 1621 407 1663 in
425 1617 542 1663 locis
560 1633 733 1663 eorum
753 1620 912 1680 rigor3
938 1634 1155 1679 namque
1176 1620 1233 1663 iis
1250 1617 1500 1663 velificant
1519 1635 1617 1663 non
1632 1621 1682 1663 in
1700 1617 1835 1665 Pado

355 1704 556 1744 tantum
592 1700 780 1743 nautici
819 1714 992 1744 verum
1032 1704 1084 1744 et
1125 1700 1176 1743 in
1217 1700 1342 1743 mari
1381 1700 1600 1762 piscator
1638 1697 1834 1746 Africus

354 1785 680 1842 praepostero
730 1795 867 1824 more
911 1777 1076 1824 velum
1124 1781 1256 1824 intra
1302 1777 1457 1823 malos
1508 1779 1834 1842 suspendens,

358 1865 411 1904 et
435 1858 651 1921 mapalia
676 1875 765 1904 sua
787 1857 953 1904 Mauri
972 1865 1173 1920 tegunt,
1191 1861 1520 1921 proximeque
1547 1862 1833 1906 aestimanti

357 1937 449 1983 hoc
487 1938 752 1984 videantur
791 1955 898 1984 esse
938 1938 1072 2000 quod
1109 1941 1160 1983 in
1202 1941 1437 1984 interiore
1477 1946 1623 2002 parte
1661 1941 1833 1986 mundi

355 2035 618 2081 papyrum.

418 2098 599 2144 LXXI.
635 2097 748 2144 Sui4
764 2098 852 2145 sed
869 2097 1129 2145 frutectosi
1146 2101 1344 2162 generis
1359 2106 1475 2145 sunt
1491 2101 1623 2146 inter
1639 2104 1833 2162 aquati-

356 2195 437 2224 cas
459 2186 510 2224 et
531 2179 657 2234 rubi,
679 2186 831 2241 atque
854 2179 1023 2225 sabuci
1044 2178 1241 2242 fungosi
1261 2182 1476 2242 generis,
1497 2179 1641 2226 aliter
1662 2187 1833 2227 tamen

416 2265 431 2288 ¹
463 2277 593 2303 unam
614 2264 708 2303 add.
730 2265 954 2304 Rackham.

414 2319 429 2341 ²
458 2322 554 2356 est?
588 2319 802 2368 sslayhosf:
835 2319 903 2357 sit.

413 2371 429 2394 ⁸
460 2371 693 2410 Raclcham:
727 2377 770 2410 et
795 2372 987 2422 tegulum
1013 2375 1262 2423 tegetesque
1287 2386 1308 2411 e
1337 2372 1490 2423 quibus
1511 2374 1551 2423 (c
1578 2373 1732 2423 quibus
1753 2375 1831 2424 [et]

359 2425 551 2474 tegulum
572 2429 821 2475 tegetesque
843 2425 1068 2475 Mayhoff).

412 2479 429 2501 ⁴¹
457 2478 583 2527 Silliq
602 2494 610 2516 ε
642 2480 705 2516 sui
726 2491 855 2527 supra.
874 2492 969 2517 cum
989 2492 1200 2529 papyrum
1222 2478 1307 2518 edd.

407 2576 425 2594 ⁸
461 2571 495 2609 V
522 2584 569 2617 z„
585 2571 745 2622 Egypt.
810 2571 824 2594 ⁶
850 2572 931 2610 Bra
941 2571 1074 2610 mbles
1089 2572 1174 2610 and
1190 2571 1325 2611 elders
1340 2586 1411 2611 are
1424 2577 1502 2613 not
1516 2573 1828 2625 water-plante.

354 2638 439 2684 502
