<?xml version="1.0" encoding="UTF-8"?>
<!DOCTYPE html PUBLIC "-//W3C//DTD XHTML 1.0 Transitional//EN"
    "http://www.w3.org/TR/xhtml1/DTD/xhtml1-transitional.dtd">
<html xmlns="http://www.w3.org/1999/xhtml" xml:lang="en" lang="en">
 <head>
  <title>
</title>
<meta http-equiv="Content-Type" content="text/html;charset=utf-8" />
  <meta name='ocr-system' content='tesseract 3.04.00' />
  <meta name='ocr-capabilities' content='ocr_page ocr_carea ocr_par ocr_line ocrx_word'/>
</head>
<body>
  <div class='ocr_page' id='page_1' title='image "./naturalhistory04plinuoft/naturalhistory04plinuoft_0348.png"; bbox 0 0 1909 2998; ppageno 0'>
   <div class='ocr_carea' id='block_1_1' title="bbox 200 498 251 536">
    <p class='ocr_par' dir='ltr' id='par_1_1' title="bbox 200 498 251 536">
     <span class='ocr_line' id='line_1_1' title="bbox 200 498 251 536; baseline 0.02 -1"><span class='ocrx_word' id='word_1_1' title='bbox 200 498 251 536; x_wconf 80' lang='lat'>69</span> 
     </span>
    </p>
   </div>
   <div class='ocr_carea' id='block_1_2' title="bbox 206 1615 251 1652">
    <p class='ocr_par' dir='ltr' id='par_1_2' title="bbox 206 1615 251 1652">
     <span class='ocr_line' id='line_1_2' title="bbox 206 1615 251 1652; baseline 0 0"><span class='ocrx_word' id='word_1_2' title='bbox 206 1615 251 1652; x_wconf 87' lang='lat'>71</span> 
     </span>
    </p>
   </div>
   <div class='ocr_carea' id='block_1_3' title="bbox 532 190 1509 244">
    <p class='ocr_par' dir='ltr' id='par_1_3' title="bbox 532 190 1509 244">
     <span class='ocr_line' id='line_1_3' title="bbox 532 190 1509 244; baseline -0.007 0"><span class='ocrx_word' id='word_1_3' title='bbox 532 197 776 244; x_wconf 82' lang='lat' dir='ltr'>PLINY:</span> <span class='ocrx_word' id='word_1_4' title='bbox 840 193 1169 241; x_wconf 88' lang='lat' dir='ltr'><strong>NATURAL</strong></span> <span class='ocrx_word' id='word_1_5' title='bbox 1213 190 1509 239; x_wconf 87' lang='lat' dir='ltr'>HISTORY</span> 
     </span>
    </p>
   </div>
   <div class='ocr_carea' id='block_1_4' title="bbox 280 318 1772 2147">
    <p class='ocr_par' dir='ltr' id='par_1_4' title="bbox 280 318 1772 2147">
     <span class='ocr_line' id='line_1_4' title="bbox 280 318 1757 382; baseline -0.009 -6"><span class='ocrx_word' id='word_1_6' title='bbox 280 329 368 376; x_wconf 92' lang='lat' dir='ltr'>sed</span> <span class='ocrx_word' id='word_1_7' title='bbox 406 327 555 373; x_wconf 90' lang='lat' dir='ltr'>molli.</span> <span class='ocrx_word' id='word_1_8' title='bbox 624 325 934 371; x_wconf 76' lang='lat' dir='ltr'>Onesicritus</span> <span class='ocrx_word' id='word_1_9' title='bbox 972 321 1130 367; x_wconf 86' lang='lat' dir='ltr'>tradit</span> <span class='ocrx_word' id='word_1_10' title='bbox 1166 323 1218 365; x_wconf 90' lang='lat' dir='ltr'>in</span> <span class='ocrx_word' id='word_1_11' title='bbox 1256 319 1507 382; x_wconf 84' lang='lat' dir='ltr'>Hyrcania</span> <span class='ocrx_word' id='word_1_12' title='bbox 1545 318 1757 364; x_wconf 91' lang='lat' dir='ltr'>multum</span> 
     </span>
     <span class='ocr_line' id='line_1_5' title="bbox 282 398 1759 462; baseline -0.008 -7"><span class='ocrx_word' id='word_1_13' title='bbox 282 411 458 455; x_wconf 88' lang='lat' dir='ltr'>nostris</span> <span class='ocrx_word' id='word_1_14' title='bbox 493 422 601 452; x_wconf 90' lang='lat' dir='ltr'>esse</span> <span class='ocrx_word' id='word_1_15' title='bbox 635 404 879 450; x_wconf 83' lang='lat' dir='ltr'>dulciores</span> <span class='ocrx_word' id='word_1_16' title='bbox 913 401 1297 462; x_wconf 79' lang='lat' dir='ltr'>fertilioresque,</span> <span class='ocrx_word' id='word_1_17' title='bbox 1324 405 1382 445; x_wconf 89' lang='lat' dir='ltr'>ut</span> <span class='ocrx_word' id='word_1_18' title='bbox 1416 415 1544 461; x_wconf 90' lang='lat' dir='ltr'>quae</span> <span class='ocrx_word' id='word_1_19' title='bbox 1570 398 1759 445; x_wconf 88' lang='lat' dir='ltr'>modios</span> 
     </span>
     <span class='ocr_line' id='line_1_6' title="bbox 284 479 1760 548; baseline -0.008 -13"><span class='ocrx_word' id='word_1_20' title='bbox 284 503 428 535; x_wconf 81' lang='lat' dir='ltr'>CCLxx</span> <span class='ocrx_word' id='word_1_21' title='bbox 448 484 672 548; x_wconf 82' lang='lat' dir='ltr'>singulae</span> <span class='ocrx_word' id='word_1_22' title='bbox 693 483 874 530; x_wconf 89' lang='lat' dir='ltr'>ferant.</span> <span class='ocrx_word' id='word_1_23' title='bbox 944 481 1007 528; x_wconf 90' lang='lat' dir='ltr'>ad</span> <span class='ocrx_word' id='word_1_24' title='bbox 1022 497 1110 527; x_wconf 93' lang='lat' dir='ltr'>nos</span> <span class='ocrx_word' id='word_1_25' title='bbox 1128 497 1190 526; x_wconf 83' lang='lat' dir='ltr'>ex</span> <span class='ocrx_word' id='word_1_26' title='bbox 1211 479 1316 525; x_wconf 92' lang='lat' dir='ltr'>aliis</span> <span class='ocrx_word' id='word_1_27' title='bbox 1337 481 1578 525; x_wconf 78' lang='lat' dir='ltr'>transiere</span> <span class='ocrx_word' id='word_1_28' title='bbox 1598 480 1760 541; x_wconf 87' lang='lat' dir='ltr'>genti-</span> 
     </span>
     <span class='ocr_line' id='line_1_7' title="bbox 283 557 1761 624; baseline -0.007 -10"><span class='ocrx_word' id='word_1_29' title='bbox 283 569 391 623; x_wconf 92' lang='lat' dir='ltr'>bus,</span> <span class='ocrx_word' id='word_1_30' title='bbox 429 565 682 620; x_wconf 81' lang='lat' dir='ltr'>Chalcide,</span> <span class='ocrx_word' id='word_1_31' title='bbox 707 563 848 618; x_wconf 86' lang='lat' dir='ltr'>Chio,</span> <span class='ocrx_word' id='word_1_32' title='bbox 874 578 1084 624; x_wconf 89' lang='lat' dir='ltr'>quarum</span> <span class='ocrx_word' id='word_1_33' title='bbox 1118 559 1263 624; x_wconf 88' lang='lat' dir='ltr'>plura</span> <span class='ocrx_word' id='word_1_34' title='bbox 1286 575 1491 622; x_wconf 87' lang='lat' dir='ltr'>genera,</span> <span class='ocrx_word' id='word_1_35' title='bbox 1515 557 1761 621; x_wconf 88' lang='lat' dir='ltr'>siquidem</span> 
     </span>
     <span class='ocr_line' id='line_1_8' title="bbox 284 637 1764 710; baseline -0.007 -16"><span class='ocrx_word' id='word_1_36' title='bbox 284 655 337 695; x_wconf 89' lang='lat' dir='ltr'>et</span> <span class='ocrx_word' id='word_1_37' title='bbox 363 646 572 710; x_wconf 84' lang='lat' dir='ltr'>Lydiae,</span> <span class='ocrx_word' id='word_1_38' title='bbox 599 660 727 707; x_wconf 92' lang='lat' dir='ltr'>quae</span> <span class='ocrx_word' id='word_1_39' title='bbox 754 649 870 689; x_wconf 90' lang='lat' dir='ltr'>sunt</span> <span class='ocrx_word' id='word_1_40' title='bbox 892 657 1194 705; x_wconf 81' lang='lat' dir='ltr'>purpureae,</span> <span class='ocrx_word' id='word_1_41' title='bbox 1213 646 1267 685; x_wconf 87' lang='lat' dir='ltr'>et</span> <span class='ocrx_word' id='word_1_42' title='bbox 1290 637 1607 685; x_wconf 86' lang='lat' dir='ltr'>mamillanae</span> <span class='ocrx_word' id='word_1_43' title='bbox 1632 640 1764 684; x_wconf 82' lang='lat' dir='ltr'>simi-</span> 
     </span>
     <span class='ocr_line' id='line_1_9' title="bbox 281 717 1762 776; baseline -0.008 -2"><span class='ocrx_word' id='word_1_44' title='bbox 281 727 547 774; x_wconf 90' lang='lat' dir='ltr'>litudinem</span> <span class='ocrx_word' id='word_1_45' title='bbox 598 741 770 770; x_wconf 88' lang='lat' dir='ltr'>earum</span> <span class='ocrx_word' id='word_1_46' title='bbox 819 721 1028 776; x_wconf 86' lang='lat' dir='ltr'>habent,</span> <span class='ocrx_word' id='word_1_47' title='bbox 1078 727 1131 766; x_wconf 85' lang='lat' dir='ltr'>et</span> <span class='ocrx_word' id='word_1_48' title='bbox 1180 717 1550 765; x_wconf 77' lang='lat' dir='ltr'>callistruthiae</span> <span class='ocrx_word' id='word_1_49' title='bbox 1608 717 1725 763; x_wconf 85' lang='lat' dir='ltr'>farti</span> <span class='ocrx_word' id='word_1_50' title='bbox 1744 717 1762 747; x_wconf 85' lang='lat'>1</span> 
     </span>
     <span class='ocr_line' id='line_1_10' title="bbox 284 798 1760 871; baseline -0.007 -18"><span class='ocrx_word' id='word_1_51' title='bbox 284 823 458 871; x_wconf 91' lang='lat' dir='ltr'>sapore</span> <span class='ocrx_word' id='word_1_52' title='bbox 481 806 890 869; x_wconf 85' lang='lat' dir='ltr'>praestantiores,</span> <span class='ocrx_word' id='word_1_53' title='bbox 916 802 1120 847; x_wconf 86' lang='lat' dir='ltr'>ficorum</span> <span class='ocrx_word' id='word_1_54' title='bbox 1151 802 1373 846; x_wconf 92' lang='lat' dir='ltr'>omnium</span> <span class='ocrx_word' id='word_1_55' title='bbox 1397 798 1760 862; x_wconf 87' lang='lat' dir='ltr'>frigidissimae.</span> 
     </span>
     <span class='ocr_line' id='line_1_11' title="bbox 285 877 1764 945; baseline -0.007 -12"><span class='ocrx_word' id='word_1_56' title='bbox 285 905 400 934; x_wconf 91' lang='lat' dir='ltr'>nam</span> <span class='ocrx_word' id='word_1_57' title='bbox 422 886 485 932; x_wconf 92' lang='lat' dir='ltr'>de</span> <span class='ocrx_word' id='word_1_58' title='bbox 506 883 768 939; x_wconf 87' lang='lat' dir='ltr'>Africanis,</span> <span class='ocrx_word' id='word_1_59' title='bbox 789 885 1024 945; x_wconf 90' lang='lat' dir='ltr'>quoniam</span> <span class='ocrx_word' id='word_1_60' title='bbox 1043 881 1063 910; x_wconf 80' lang='lat'><strong>2</strong></span> <span class='ocrx_word' id='word_1_61' title='bbox 1087 879 1232 926; x_wconf 89' lang='lat' dir='ltr'>multi</span> <span class='ocrx_word' id='word_1_62' title='bbox 1246 877 1541 943; x_wconf 89' lang='lat' dir='ltr'>praeferunt</span> <span class='ocrx_word' id='word_1_63' title='bbox 1557 880 1764 934; x_wconf 90' lang='lat' dir='ltr'>cunctis,</span> 
     </span>
     <span class='ocr_line' id='line_1_12' title="bbox 285 957 1765 1030; baseline -0.008 -16"><span class='ocrx_word' id='word_1_64' title='bbox 285 983 468 1030; x_wconf 85' lang='lat' dir='ltr'>magna</span> <span class='ocrx_word' id='word_1_65' title='bbox 492 967 720 1028; x_wconf 86' lang='lat' dir='ltr'>quaestio</span> <span class='ocrx_word' id='word_1_66' title='bbox 746 970 841 1018; x_wconf 87' lang='lat' dir='ltr'>est,</span> <span class='ocrx_word' id='word_1_67' title='bbox 865 979 979 1008; x_wconf 92' lang='lat' dir='ltr'>cum</span> <span class='ocrx_word' id='word_1_68' title='bbox 1003 961 1054 1007; x_wconf 95' lang='lat' dir='ltr'>id</span> <span class='ocrx_word' id='word_1_69' title='bbox 1077 976 1236 1024; x_wconf 85' lang='lat' dir='ltr'>genus</span> <span class='ocrx_word' id='word_1_70' title='bbox 1262 962 1313 1004; x_wconf 93' lang='lat' dir='ltr'>in</span> <span class='ocrx_word' id='word_1_71' title='bbox 1338 957 1561 1004; x_wconf 84' lang='lat' dir='ltr'>Africam</span> <span class='ocrx_word' id='word_1_72' title='bbox 1585 974 1765 1022; x_wconf 88' lang='lat' dir='ltr'>nuper-</span> 
     </span>
     <span class='ocr_line' id='line_1_13' title="bbox 287 1037 1766 1106; baseline -0.007 -13"><span class='ocrx_word' id='word_1_73' title='bbox 287 1051 409 1093; x_wconf 90' lang='lat' dir='ltr'>rime</span> <span class='ocrx_word' id='word_1_74' title='bbox 463 1046 733 1092; x_wconf 85' lang='lat' dir='ltr'>transierit.</span> <span class='ocrx_word' id='word_1_75' title='bbox 799 1045 995 1106; x_wconf 88' lang='lat' dir='ltr'>patriae</span> <span class='ocrx_word' id='word_1_76' title='bbox 1050 1056 1234 1086; x_wconf 91' lang='lat' dir='ltr'>nomen</span> <span class='ocrx_word' id='word_1_77' title='bbox 1287 1042 1520 1102; x_wconf 82' lang='lat' dir='ltr'>optinent</span> <span class='ocrx_word' id='word_1_78' title='bbox 1574 1040 1728 1084; x_wconf 90' lang='lat' dir='ltr'>etiam</span> <span class='ocrx_word' id='word_1_79' title='bbox 1745 1037 1766 1067; x_wconf 81' lang='grc'><strong>3</strong></span> 
     </span>
     <span class='ocr_line' id='line_1_14' title="bbox 286 1120 1765 1185; baseline -0.007 -12"><span class='ocrx_word' id='word_1_80' title='bbox 286 1125 657 1174; x_wconf 86' lang='lat' dir='ltr'>Alexandrinae</span> <span class='ocrx_word' id='word_1_81' title='bbox 694 1140 720 1169; x_wconf 92' lang='lat' dir='ltr'>e</span> <span class='ocrx_word' id='word_1_82' title='bbox 756 1125 926 1185; x_wconf 84' lang='lat' dir='ltr'>nigris,</span> <span class='ocrx_word' id='word_1_83' title='bbox 961 1120 1259 1167; x_wconf 88' lang='lat' dir='ltr'>candicante</span> <span class='ocrx_word' id='word_1_84' title='bbox 1294 1122 1436 1174; x_wconf 89' lang='lat' dir='ltr'>rima,</span> <span class='ocrx_word' id='word_1_85' title='bbox 1470 1120 1765 1182; x_wconf 86' lang='lat' dir='ltr'>cognomine</span> 
     </span>
     <span class='ocr_line' id='line_1_15' title="bbox 286 1198 1766 1266; baseline -0.007 -12"><span class='ocrx_word' id='word_1_86' title='bbox 286 1207 561 1259; x_wconf 83' lang='lat' dir='ltr'>delicatae3</span> <span class='ocrx_word' id='word_1_87' title='bbox 628 1207 770 1266; x_wconf 83' lang='lat' dir='ltr'>nigra</span> <span class='ocrx_word' id='word_1_88' title='bbox 819 1209 872 1248; x_wconf 91' lang='lat' dir='ltr'>et</span> <span class='ocrx_word' id='word_1_89' title='bbox 921 1200 1116 1247; x_wconf 89' lang='lat' dir='ltr'>Rhodia</span> <span class='ocrx_word' id='word_1_90' title='bbox 1165 1206 1243 1246; x_wconf 91' lang='lat' dir='ltr'>est</span> <span class='ocrx_word' id='word_1_91' title='bbox 1292 1205 1345 1245; x_wconf 85' lang='lat' dir='ltr'>et</span> <span class='ocrx_word' id='word_1_92' title='bbox 1392 1199 1654 1245; x_wconf 90' lang='lat' dir='ltr'>Tiburtina</span> <span class='ocrx_word' id='word_1_93' title='bbox 1702 1198 1766 1244; x_wconf 92' lang='lat' dir='ltr'>de</span> 
     </span>
     <span class='ocr_line' id='line_1_16' title="bbox 285 1278 1766 1351; baseline -0.007 -18"><span class='ocrx_word' id='word_1_94' title='bbox 285 1286 620 1351; x_wconf 87' lang='lat' dir='ltr'>praecocibus.</span> <span class='ocrx_word' id='word_1_95' title='bbox 700 1289 816 1329; x_wconf 88' lang='lat' dir='ltr'>sunt</span> <span class='ocrx_word' id='word_1_96' title='bbox 854 1288 907 1328; x_wconf 91' lang='lat' dir='ltr'>et</span> <span class='ocrx_word' id='word_1_97' title='bbox 945 1288 1204 1327; x_wconf 89' lang='lat' dir='ltr'>auctorum</span> <span class='ocrx_word' id='word_1_98' title='bbox 1241 1281 1442 1325; x_wconf 89' lang='lat' dir='ltr'>nomina</span> <span class='ocrx_word' id='word_1_99' title='bbox 1476 1280 1552 1334; x_wconf 89' lang='lat' dir='ltr'>iis,</span> <span class='ocrx_word' id='word_1_100' title='bbox 1578 1278 1766 1334; x_wconf 88' lang='lat' dir='ltr'>Liviae,</span> 
     </span>
     <span class='ocr_line' id='line_1_17' title="bbox 290 1361 1768 1429; baseline -0.007 -16"><span class='ocrx_word' id='word_1_101' title='bbox 290 1366 495 1429; x_wconf 88' lang='lat' dir='ltr'>Pompei</span> <span class='ocrx_word' id='word_1_102' title='bbox 513 1381 523 1411; x_wconf 88' lang='lat'>:</span> <span class='ocrx_word' id='word_1_103' title='bbox 560 1363 803 1410; x_wconf 85' lang='lat' dir='ltr'>siccandis</span> <span class='ocrx_word' id='word_1_104' title='bbox 824 1361 949 1408; x_wconf 91' lang='lat' dir='ltr'>haec</span> <span class='ocrx_word' id='word_1_105' title='bbox 970 1361 1072 1407; x_wconf 89' lang='lat' dir='ltr'>sole</span> <span class='ocrx_word' id='word_1_106' title='bbox 1094 1363 1144 1407; x_wconf 92' lang='lat' dir='ltr'>in</span> <span class='ocrx_word' id='word_1_107' title='bbox 1165 1376 1354 1405; x_wconf 89' lang='lat' dir='ltr'>annuos</span> <span class='ocrx_word' id='word_1_108' title='bbox 1375 1375 1490 1405; x_wconf 90' lang='lat' dir='ltr'>usus</span> <span class='ocrx_word' id='word_1_109' title='bbox 1512 1361 1768 1422; x_wconf 89' lang='lat' dir='ltr'>aptissima</span> 
     </span>
     <span class='ocr_line' id='line_1_18' title="bbox 288 1438 1765 1505; baseline -0.006 -12"><span class='ocrx_word' id='word_1_110' title='bbox 288 1464 400 1494; x_wconf 89' lang='lat' dir='ltr'>cum</span> <span class='ocrx_word' id='word_1_111' title='bbox 424 1447 642 1491; x_wconf 87' lang='lat' dir='ltr'>mariscis</span> <span class='ocrx_word' id='word_1_112' title='bbox 666 1450 720 1490; x_wconf 91' lang='lat' dir='ltr'>et</span> <span class='ocrx_word' id='word_1_113' title='bbox 743 1459 865 1505; x_wconf 87' lang='lat' dir='ltr'>quas</span> <span class='ocrx_word' id='word_1_114' title='bbox 888 1441 1225 1488; x_wconf 90' lang='lat' dir='ltr'>harundinum</span> <span class='ocrx_word' id='word_1_115' title='bbox 1248 1439 1352 1485; x_wconf 90' lang='lat' dir='ltr'>folii</span> <span class='ocrx_word' id='word_1_116' title='bbox 1375 1438 1570 1485; x_wconf 88' lang='lat' dir='ltr'>macula</span> <span class='ocrx_word' id='word_1_117' title='bbox 1592 1441 1765 1485; x_wconf 87' lang='lat' dir='ltr'>variat.</span> 
     </span>
     <span class='ocr_line' id='line_1_19' title="bbox 290 1518 1768 1582; baseline -0.007 -9"><span class='ocrx_word' id='word_1_118' title='bbox 290 1534 366 1573; x_wconf 90' lang='lat' dir='ltr'>est</span> <span class='ocrx_word' id='word_1_119' title='bbox 395 1533 448 1572; x_wconf 89' lang='lat' dir='ltr'>et</span> <span class='ocrx_word' id='word_1_120' title='bbox 476 1523 793 1571; x_wconf 87' lang='lat' dir='ltr'>Herculanea</span> <span class='ocrx_word' id='word_1_121' title='bbox 821 1529 874 1569; x_wconf 90' lang='lat' dir='ltr'>et</span> <span class='ocrx_word' id='word_1_122' title='bbox 902 1521 1176 1568; x_wconf 88' lang='lat' dir='ltr'>albicerata</span> <span class='ocrx_word' id='word_1_123' title='bbox 1204 1527 1257 1566; x_wconf 89' lang='lat' dir='ltr'>et</span> <span class='ocrx_word' id='word_1_124' title='bbox 1286 1522 1446 1565; x_wconf 88' lang='lat' dir='ltr'>aratia</span> <span class='ocrx_word' id='word_1_125' title='bbox 1473 1518 1603 1574; x_wconf 90' lang='lat' dir='ltr'>alba,</span> <span class='ocrx_word' id='word_1_126' title='bbox 1629 1518 1768 1582; x_wconf 88' lang='lat' dir='ltr'>pedi-</span> 
     </span>
     <span class='ocr_line' id='line_1_20' title="bbox 289 1601 1770 1664; baseline -0.005 -12"><span class='ocrx_word' id='word_1_127' title='bbox 289 1607 397 1653; x_wconf 90' lang='lat' dir='ltr'>culo</span> <span class='ocrx_word' id='word_1_128' title='bbox 464 1608 686 1658; x_wconf 90' lang='lat' dir='ltr'>minimo,</span> <span class='ocrx_word' id='word_1_129' title='bbox 752 1603 1007 1648; x_wconf 90' lang='lat' dir='ltr'>latissima.</span> <span class='ocrx_word' id='word_1_130' title='bbox 1073 1603 1235 1664; x_wconf 90' lang='lat' dir='ltr'>primo</span> <span class='ocrx_word' id='word_1_131' title='bbox 1303 1606 1475 1645; x_wconf 91' lang='lat' dir='ltr'>autem</span> <span class='ocrx_word' id='word_1_132' title='bbox 1539 1601 1770 1662; x_wconf 85' lang='lat' dir='ltr'>provenit</span> 
     </span>
     <span class='ocr_line' id='line_1_21' title="bbox 288 1680 1769 1751; baseline -0.005 -19"><span class='ocrx_word' id='word_1_133' title='bbox 288 1685 612 1751; x_wconf 87' lang='lat' dir='ltr'>porphyritis,</span> <span class='ocrx_word' id='word_1_134' title='bbox 642 1683 929 1746; x_wconf 83' lang='lat' dir='ltr'>longissimo</span> <span class='ocrx_word' id='word_1_135' title='bbox 965 1680 1228 1745; x_wconf 88' lang='lat' dir='ltr'>pediculo;</span> <span class='ocrx_word' id='word_1_136' title='bbox 1283 1682 1553 1726; x_wconf 87' lang='lat' dir='ltr'>comitatur</span> <span class='ocrx_word' id='word_1_137' title='bbox 1591 1695 1703 1725; x_wconf 89' lang='lat' dir='ltr'>eam</span> <span class='ocrx_word' id='word_1_138' title='bbox 1741 1695 1769 1725; x_wconf 95' lang='lat' dir='ltr'>e</span> 
     </span>
     <span class='ocr_line' id='line_1_22' title="bbox 289 1760 1771 1826; baseline -0.006 -14"><span class='ocrx_word' id='word_1_139' title='bbox 289 1768 503 1813; x_wconf 90' lang='lat' dir='ltr'>minimis</span> <span class='ocrx_word' id='word_1_140' title='bbox 525 1764 758 1810; x_wconf 89' lang='lat' dir='ltr'>vilissima</span> <span class='ocrx_word' id='word_1_141' title='bbox 779 1762 799 1791; x_wconf 84' lang='lat'>4</span> <span class='ocrx_word' id='word_1_142' title='bbox 818 1761 1072 1826; x_wconf 89' lang='lat' dir='ltr'>popularis</span> <span class='ocrx_word' id='word_1_143' title='bbox 1095 1760 1246 1807; x_wconf 92' lang='lat' dir='ltr'>dicta.</span> <span class='ocrx_word' id='word_1_144' title='bbox 1313 1766 1487 1805; x_wconf 88' lang='lat' dir='ltr'>contra</span> <span class='ocrx_word' id='word_1_145' title='bbox 1508 1761 1771 1804; x_wconf 87' lang='lat' dir='ltr'>novissima</span> 
     </span>
     <span class='ocr_line' id='line_1_23' title="bbox 291 1840 1772 1902; baseline -0.005 -10"><span class='ocrx_word' id='word_1_146' title='bbox 291 1847 382 1893; x_wconf 92' lang='lat' dir='ltr'>sub</span> <span class='ocrx_word' id='word_1_147' title='bbox 414 1845 632 1891; x_wconf 84' lang='lat' dir='ltr'>hiemem</span> <span class='ocrx_word' id='word_1_148' title='bbox 653 1843 672 1872; x_wconf 83' lang='lat'>5</span> <span class='ocrx_word' id='word_1_149' title='bbox 695 1849 977 1889; x_wconf 88' lang='lat' dir='ltr'>maturatur</span> <span class='ocrx_word' id='word_1_150' title='bbox 1002 1840 1298 1887; x_wconf 90' lang='lat' dir='ltr'>chelidonia.</span> <span class='ocrx_word' id='word_1_151' title='bbox 1368 1846 1484 1885; x_wconf 91' lang='lat' dir='ltr'>sunt</span> <span class='ocrx_word' id='word_1_152' title='bbox 1506 1846 1772 1902; x_wconf 85' lang='lat' dir='ltr'>praeterea</span> 
     </span>
     <span class='ocr_line' id='line_1_24' title="bbox 292 1919 1771 1985; baseline -0.007 -13"><span class='ocrx_word' id='word_1_153' title='bbox 292 1925 502 1972; x_wconf 88' lang='lat' dir='ltr'>eaedem</span> <span class='ocrx_word' id='word_1_154' title='bbox 522 1926 772 1970; x_wconf 89' lang='lat' dir='ltr'>serotinae</span> <span class='ocrx_word' id='word_1_155' title='bbox 794 1929 846 1968; x_wconf 90' lang='lat' dir='ltr'>et</span> <span class='ocrx_word' id='word_1_156' title='bbox 865 1937 1153 1985; x_wconf 86' lang='lat' dir='ltr'>praecoces,</span> <span class='ocrx_word' id='word_1_157' title='bbox 1173 1919 1383 1975; x_wconf 87' lang='lat' dir='ltr'>biferae,</span> <span class='ocrx_word' id='word_1_158' title='bbox 1404 1919 1516 1964; x_wconf 89' lang='lat' dir='ltr'>alba</span> <span class='ocrx_word' id='word_1_159' title='bbox 1537 1935 1593 1964; x_wconf 91' lang='lat' dir='ltr'>ac</span> <span class='ocrx_word' id='word_1_160' title='bbox 1613 1921 1771 1982; x_wconf 83' lang='lat' dir='ltr'>nigra,</span> 
     </span>
     <span class='ocr_line' id='line_1_25' title="bbox 291 2001 1770 2065; baseline -0.005 -13"><span class='ocrx_word' id='word_1_161' title='bbox 291 2023 403 2052; x_wconf 91' lang='lat' dir='ltr'>cum</span> <span class='ocrx_word' id='word_1_162' title='bbox 443 2021 604 2050; x_wconf 90' lang='lat' dir='ltr'>messe</span> <span class='ocrx_word' id='word_1_163' title='bbox 645 2003 997 2065; x_wconf 86' lang='lat' dir='ltr'>vindemiaque</span> <span class='ocrx_word' id='word_1_164' title='bbox 1037 2006 1453 2047; x_wconf 87' lang='lat' dir='ltr'>maturescentes.</span> <span class='ocrx_word' id='word_1_165' title='bbox 1522 2001 1770 2045; x_wconf 90' lang='lat' dir='ltr'>serotinae</span> 
     </span>
     <span class='ocr_line' id='line_1_26' title="bbox 293 2077 1770 2147; baseline -0.005 -15"><span class='ocrx_word' id='word_1_166' title='bbox 293 2093 346 2132; x_wconf 91' lang='lat' dir='ltr'>et</span> <span class='ocrx_word' id='word_1_167' title='bbox 371 2101 399 2130; x_wconf 93' lang='lat' dir='ltr'>a</span> <span class='ocrx_word' id='word_1_168' title='bbox 422 2087 555 2130; x_wconf 92' lang='lat' dir='ltr'>corio</span> <span class='ocrx_word' id='word_1_169' title='bbox 585 2082 868 2147; x_wconf 89' lang='lat' dir='ltr'>appellatae</span> <span class='ocrx_word' id='word_1_170' title='bbox 892 2081 1033 2137; x_wconf 91' lang='lat' dir='ltr'>duro,</span> <span class='ocrx_word' id='word_1_171' title='bbox 1056 2097 1118 2127; x_wconf 85' lang='lat' dir='ltr'>ex</span> <span class='ocrx_word' id='word_1_172' title='bbox 1142 2078 1436 2126; x_wconf 87' lang='lat' dir='ltr'>Chalcidicis</span> <span class='ocrx_word' id='word_1_173' title='bbox 1459 2077 1770 2142; x_wconf 88' lang='lat' dir='ltr'>quarundam</span> 
     </span>
    </p>
   </div>
   <div class='ocr_carea' id='block_1_5' title="bbox 654 2257 1388 2511">
    <p class='ocr_par' dir='ltr' id='par_1_5' title="bbox 657 2257 1388 2415">
     <span class='ocr_line' id='line_1_27' title="bbox 659 2257 1388 2309; baseline -0.003 -11"><span class='ocrx_word' id='word_1_174' title='bbox 659 2261 673 2284; x_wconf 79' lang='lat'>1</span> <span class='ocrx_word' id='word_1_175' title='bbox 705 2257 901 2309; x_wconf 75' lang='lat' dir='ltr'>Mayhoff</span> <span class='ocrx_word' id='word_1_176' title='bbox 915 2273 924 2296; x_wconf 91' lang='lat'>:</span> <span class='ocrx_word' id='word_1_177' title='bbox 955 2257 1102 2297; x_wconf 79' lang='lat' dir='ltr'>fartim</span> <span class='ocrx_word' id='word_1_178' title='bbox 1122 2262 1194 2296; x_wconf 79' lang='lat' dir='ltr'>aut</span> <span class='ocrx_word' id='word_1_179' title='bbox 1213 2257 1388 2308; x_wconf 82' lang='lat' dir='ltr'>partim.</span> 
     </span>
     <span class='ocr_line' id='line_1_28' title="bbox 657 2309 1374 2362; baseline -0.001 -12"><span class='ocrx_word' id='word_1_180' title='bbox 657 2313 671 2336; x_wconf 59' lang='grc' dir='ltr'>ἱ·</span> <span class='ocrx_word' id='word_1_181' title='bbox 705 2311 922 2362; x_wconf 64' lang='lat' dir='ltr'>JIuyhoff:</span> <span class='ocrx_word' id='word_1_182' title='bbox 956 2323 1085 2361; x_wconf 87' lang='lat' dir='ltr'>quam</span> <span class='ocrx_word' id='word_1_183' title='bbox 1106 2314 1231 2361; x_wconf 81' lang='lat' dir='ltr'>(quas</span> <span class='ocrx_word' id='word_1_184' title='bbox 1252 2309 1374 2359; x_wconf 82' lang='lat' dir='ltr'>edd.).</span> 
     </span>
     <span class='ocr_line' id='line_1_29' title="bbox 657 2365 1069 2415; baseline -0.002 -11"><span class='ocrx_word' id='word_1_185' title='bbox 657 2367 670 2386; x_wconf 49' lang='grc' dir='ltr'><strong>Ἰ</strong></span> <span class='ocrx_word' id='word_1_186' title='bbox 705 2365 899 2415; x_wconf 79' lang='lat' dir='ltr'>Mayhoff</span> <span class='ocrx_word' id='word_1_187' title='bbox 913 2380 922 2404; x_wconf 91' lang='lat'>:</span> <span class='ocrx_word' id='word_1_188' title='bbox 952 2377 1069 2403; x_wconf 89' lang='lat' dir='ltr'>nam.</span> 
     </span>
    </p>

    <p class='ocr_par' dir='ltr' id='par_1_6' title="bbox 657 2418 1201 2470">
     <span class='ocr_line' id='line_1_30' title="bbox 657 2418 1201 2470; baseline -0.002 -13"><span class='ocrx_word' id='word_1_189' title='bbox 657 2425 669 2441; x_wconf 64' lang='lat'>³</span> <span class='ocrx_word' id='word_1_190' title='bbox 706 2419 932 2470; x_wconf 79' lang='lat' dir='ltr'>Detlefsen:</span> <span class='ocrx_word' id='word_1_191' title='bbox 972 2418 1201 2456; x_wconf 82' lang='lat' dir='ltr'>vilissimis.</span> 
     </span>
    </p>

    <p class='ocr_par' dir='ltr' id='par_1_7' title="bbox 654 2470 1122 2511">
     <span class='ocr_line' id='line_1_31' title="bbox 654 2470 1122 2511; baseline -0.004 -1"><span class='ocrx_word' id='word_1_192' title='bbox 654 2473 668 2495; x_wconf 63' lang='grc' dir='ltr'>ὖ</span> <span class='ocrx_word' id='word_1_193' title='bbox 699 2471 936 2511; x_wconf 72' lang='lat' dir='ltr'>Raclcham:</span> <span class='ocrx_word' id='word_1_194' title='bbox 968 2470 1122 2509; x_wconf 79' lang='lat' dir='ltr'>hieme.</span> 
     </span>
    </p>
   </div>
   <div class='ocr_carea' id='block_1_6' title="bbox 300 2581 388 2641">
    <p class='ocr_par' dir='ltr' id='par_1_8' title="bbox 300 2581 388 2641">
     <span class='ocr_line' id='line_1_32' title="bbox 300 2581 388 2641; baseline -0.011 0"><span class='ocrx_word' id='word_1_195' title='bbox 300 2581 388 2641; x_wconf 79' lang='grc'>336</span> 
     </span>
    </p>
   </div>
  </div>
 </body>
</html>
