1909 2998
558 195 804 242 PLINY:
868 195 1197 242 NATURAL
1242 194 1539 241 HISTORY

307 322 540 368 fruticum
560 322 623 367 ad
639 339 878 386 praesens
896 323 1178 368 nominibus
1197 329 1398 368 tantum
1416 321 1788 378 indicabuntur,

304 420 483 459 natura
507 429 623 458 vero
647 429 818 458 eorum
843 415 942 458 suis
966 411 1208 458 reddetur
1229 411 1363 458 locis.

254 510 280 547 4
367 503 434 548 II.
474 503 760 565 Unguentis
785 505 1082 565 cognomina
1107 502 1296 548 dedere
1323 501 1429 547 aliis
1451 504 1665 566 patriae,
1681 501 1786 548 aliis

305 596 425 648 suci,
450 592 556 638 aliis
583 593 800 647 arbores,
826 592 933 638 aliis
959 592 1088 638 aliae
1109 591 1127 620 1
1151 607 1361 646 causae3
1394 594 1712 655 primumque
1735 591 1787 638 id

303 686 427 728 scire
463 685 715 738 convenit,
751 689 950 728 mutata
988 684 1293 728 auctoritate
1330 688 1383 728 et
1418 684 1617 745 saepius
1652 688 1788 727 tran-

303 775 423 818 sisse
447 772 685 835 gloriam:
723 772 1123 818 laudatissimum
1153 770 1250 818 fuit
1280 774 1558 834 antiquitus
1582 774 1632 816 in
1657 771 1787 818 Delo

303 862 480 918 insula,
526 869 706 926 postea
758 862 1095 908 Mendesium.
1165 877 1258 907 nec
1305 864 1525 907 mixtura
1573 868 1627 907 et
1672 877 1787 908 con-

301 955 549 1016 positione
587 960 789 999 tantum
826 951 919 998 hoc
957 952 1157 1008 accidit,
1196 951 1286 998 sed
1322 951 1476 998 iidem
1513 954 1618 997 suci
1653 954 1786 998 varie

302 1042 420 1088 alibi
478 1049 632 1105 atque
691 1042 808 1088 alibi
865 1041 1192 1106 praevaluere
1251 1048 1340 1088 aut
1396 1041 1785 1104 degeneravere.
1865 1103 1875 1113 .

250 1140 275 1176 5
299 1135 479 1179 irinum
514 1131 740 1179 Corinthi
775 1132 862 1179 diu
895 1135 1116 1178 maxime
1149 1132 1358 1196 placuit,
1389 1139 1570 1196 postea
1603 1131 1786 1196 Cyzici,

301 1222 448 1268 simili
499 1223 649 1269 modo
699 1221 965 1269 rhodinum
1018 1220 1324 1278 Phaselide,2
1374 1238 1526 1285 quam
1577 1221 1786 1285 gloriam

303 1312 555 1359 abstulere
604 1312 858 1376 Neapolis,
905 1312 1096 1376 Capua,
1138 1310 1430 1359 Praeneste.
1497 1311 1786 1358 crocinum³

301 1401 425 1448 Solis
451 1403 655 1449 Ciliciae
680 1403 766 1449 diu
791 1406 1012 1449 maxime
1037 1402 1301 1448 laudatum
1328 1410 1423 1458 est,
1449 1418 1566 1448 mox
1593 1400 1785 1457 Rhodi3

301 1492 663 1539 oenanthinum
677 1495 728 1538 in
744 1492 927 1557 Cypro,
940 1500 1056 1556 post
1071 1492 1430 1555 Adramytteo,
1445 1495 1784 1538 amaracinum

300 1584 350 1627 in
383 1582 503 1638 Coo,
533 1589 713 1646 postea
745 1582 925 1629 eodem
957 1582 1065 1628 loco
1095 1582 1381 1646 praelatum
1415 1588 1493 1628 est
1524 1581 1784 1638 melinum,

299 1675 561 1736 cyprinum
588 1675 639 1718 in
666 1672 850 1736 Cypro,
876 1672 1061 1719 deinde
1089 1675 1139 1717 in
1168 1672 1426 1736 Aegypto,
1453 1671 1539 1718 ubi
1570 1671 1784 1718 Mende-

249 1769 274 1807 6
297 1765 425 1809 sium
459 1770 512 1809 et
544 1766 822 1827 metopium
856 1763 1023 1809 subito
1055 1766 1247 1826 gratius
1281 1761 1474 1808 factum
1507 1769 1614 1817 est3
1665 1778 1782 1808 mox

298 1852 422 1899 haec
459 1854 666 1900 abstulit
703 1852 953 1900 Phoenice
989 1861 1042 1900 et
1077 1856 1270 1917 cyprini
1304 1852 1507 1899 laudem
1543 1852 1783 1916 Aegypto

299 1944 516 2006 reliquit.
583 1944 1010 2008 panathenaicum
1090 1961 1234 1990 suum
1300 1942 1536 1990 Athenae
1613 1959 1782 2006 perse-

298 2042 531 2080 veranter
566 2037 846 2097 optinuere.
915 2033 1082 2080 fuerat
1119 2041 1173 2080 et
1207 2033 1488 2097 pardalium
1525 2036 1575 2078 in
1611 2032 1781 2088 Tarso,

298 2127 435 2170 cuius
506 2127 660 2170 etiam
729 2127 1006 2188 conpositio
1076 2131 1129 2170 et
1198 2126 1418 2170 mixtura
1487 2122 1781 2169 oblitterata

731 2255 745 2278 ¹
776 2252 885 2292 aliae
904 2254 1000 2292 add.
1029 2252 1333 2304 Warminqto‘n.

727 2308 742 2331 ²
770 2308 1009 2346 Rackham:
1041 2307 1224 2346 Phaseli.

728 2361 743 2384 ³
774 2361 970 2411 ffllayhoff
984 2376 992 2399 :
1026 2361 1241 2398 crocinum
1261 2361 1318 2399 in.

787 2506 875 2545 But.
898 2505 946 2544 of
962 2506 1082 2545 seeds
1103 2519 1151 2544 or
1171 2505 1331 2557 plante.

301 2598 384 2627 100
