1909 2998
573 204 816 250 PLINY:
881 203 1209 250 NATURAL
1254 203 1551 251 HISTORY

223 342 298 380 119
388 334 581 379 XXIII.
618 333 685 379 Et
719 335 955 394 quoniam
994 331 1236 395 religione
1272 334 1377 377 vita
1407 339 1626 388 constat,
1654 333 1801 395 proli-

319 411 441 456 bare
470 410 544 456 dis
581 409 833 455 nefastum
871 408 1089 455 habetur
1124 411 1255 462 vina,
1279 415 1484 470 praeter
1519 412 1798 471 inputatae,

320 490 431 533 vitis
474 486 680 532 fulmine
722 492 893 531 tactae
937 501 1190 547 quamque
1232 487 1375 530 iuxta
1417 483 1627 532 hominis
1669 502 1799 532 mors

317 563 498 626 laqueo
525 562 842 624 pependerit,
870 569 957 608 aut
986 561 1257 607 vulneratis
1285 560 1497 623 pedibus
1524 561 1718 608 calcata
1747 570 1799 608 et

320 640 453 702 quod
495 642 790 685 circumcisis
833 641 1048 684 vinaceis
1097 636 1408 700 profluxerit,
1445 645 1533 684 aut
1581 654 1796 700 superne

320 715 532 762 deciduo
595 715 908 761 inmundiore
971 714 1114 776 lapsu
1175 714 1340 776 aliquo
1402 713 1622 776 polluta3
1674 717 1799 761 item

321 794 531 849 Graeca,
559 795 795 854 quoniam
819 808 1002 853 aquam
1025 790 1264 837 habeant.

384 869 509 915 Vitis
568 872 675 930 ipsa
733 884 933 930 quoque
989 868 1245 913 manditur
1302 867 1520 914 decoctis
1576 867 1799 915 caulibus

319 949 541 1000 summis,
564 948 647 1008 qui
672 952 724 991 et
746 944 1047 991 condiuntur
1068 947 1119 990 in
1142 951 1287 990 aceto
1309 960 1367 990 ac
1389 947 1565 990 muria.

215 1029 291 1068 120
379 1021 565 1068 XXIV.
600 1021 787 1067 Verum
802 1028 854 1067 et
869 1021 931 1066 de
950 1028 1196 1082 apparatu
1212 1023 1310 1066 vini
1326 1020 1799 1077 dixisseconveniat,

319 1117 431 1146 cum
453 1098 632 1144 Graeci
651 1101 885 1159 privatim
906 1114 966 1143 ea
993 1104 1266 1159 praecepta
1285 1097 1597 1144 condiderint
1617 1105 1800 1144 artem—

319 1192 419 1239 que
456 1175 684 1230 fecerint,
720 1178 847 1220 sicut
883 1173 1199 1236 Euphronius
1237 1180 1290 1219 et
1333 1173 1709 1220 Aristomachus
1747 1181 1798 1220 et

319 1252 635 1299 Commiades
656 1259 708 1297 et
726 1251 968 1297 Hicesius.
1029 1249 1202 1297 Africa
1220 1266 1380 1313 gypso
1395 1253 1597 1313 mitigat
1616 1255 1799 1312 asperi-

318 1337 500 1383 tatem,
520 1345 612 1374 nec
637 1344 736 1373 non
756 1327 1001 1390 aliquibus
1021 1327 1247 1389 partibus
1273 1330 1347 1373 sui
1366 1326 1519 1374 calce.
1587 1326 1798 1374 Graecia

319 1405 493 1468 argilla
514 1412 601 1451 aut
623 1420 869 1450 marmore
891 1410 979 1450 aut
1000 1403 1105 1449 sale
1125 1411 1214 1450 aut
1235 1407 1361 1449 mari
1381 1403 1647 1449 lenitatem
1669 1408 1798 1450 exci-

318 1490 416 1538 tat,
454 1481 633 1528 Italiae
668 1498 781 1542 pars
819 1480 985 1543 aliqua
1019 1479 1327 1542 crapulanal
1370 1483 1498 1541 pice,
1534 1496 1591 1526 ac
1636 1484 1797 1526 resina

318 1559 519 1605 condire
549 1566 714 1604 musta
744 1556 944 1620 volgare
975 1560 1021 1602 ei
1051 1564 1126 1603 est
1155 1559 1518 1619 provinciisque
1548 1556 1797 1611 finitimis3

318 1651 666 1697 nonnusquam
717 1637 890 1696 prioris
942 1636 1040 1680 vini
1090 1632 1232 1680 faece
1283 1640 1491 1679 acetove
1540 1633 1794 1681 condiunt.

216 1719 286 1756 121
316 1729 406 1758 nec
439 1728 538 1757 non
570 1718 622 1758 et
654 1728 716 1757 ex
753 1714 858 1772 ipso
890 1717 1055 1756 musto
1088 1710 1213 1756 fiunt
1244 1709 1604 1764 medicamina3
1652 1710 1797 1756 deco-

319 1793 488 1851 quitur
547 1795 604 1834 ut
667 1788 920 1833 dulcescat
980 1803 1069 1848 pro
1089 1788 1107 1815 2
1165 1790 1395 1849 portione
1453 1789 1647 1841 virium,
1705 1803 1796 1834 nec

318 1866 497 1911 durare
521 1865 652 1910 ultra
688 1881 874 1909 annum
911 1867 1129 1925 spatium
1165 1863 1269 1910 tale
1297 1862 1538 1925 proditur.
1625 1862 1796 1925 aliqui-

317 1942 409 1988 bus
445 1945 495 1987 in
522 1941 638 1987 locis
674 1941 921 1987 decocunt
954 1940 1018 1985 ad
1049 1956 1195 2001 sapas
1228 1947 1394 1985 musta
1426 1938 1699 2002 infusisque
1722 1938 1795 1986 his

576 2062 591 2085 ²
628 2059 725 2099 VM.
747 2059 970 2110 rapulana‚
994 2058 1218 2098 rabulana.

575 2115 591 2139 2
619 2127 696 2165 pro
716 2112 810 2152 add.
828 2116 843 2152 ⁴?
876 2113 955 2162 (vel
973 2113 1029 2151 ad
1048 2114 1309 2163 portionem)
1332 2111 1536 2162 Illayhoff.

372 2310 389 2328 ‘⁸
418 2302 484 2341 An
515 2302 688 2341 inferior
719 2301 823 2340 kind
856 2300 905 2339 of
932 2301 1039 2339 wine
1072 2314 1157 2338 was
1188 2305 1263 2351 got
1292 2300 1350 2350 by
1379 2301 1601 2350 trimming
1630 2301 1689 2339 off
1722 2302 1794 2342 the

316 2356 585 2407 grape-skins
616 2355 871 2406 protruding
892 2354 1002 2393 from
1024 2353 1097 2393 the
1128 2367 1244 2404 press
1265 2353 1377 2394 after
1396 2354 1470 2393 the
1491 2355 1584 2393 first
1605 2357 1794 2406 pressing

312 2410 398 2448 and
429 2410 601 2460 putting
630 2408 750 2447 them
778 2407 965 2458 through
995 2407 1069 2446 the
1099 2420 1215 2458 press
1243 2420 1268 2446 a
1297 2408 1452 2447 second
1484 2409 1601 2447 time.
1661 2409 1793 2449 Varro

317 2464 423 2503 R.R.
447 2464 482 2502 I.
504 2465 569 2502 54.

373 2516 388 2541 ὸ
419 2515 485 2566 Cf.
510 2518 528 2568 ξ
554 2516 630 2555 124
649 2514 736 2554 and
757 2527 798 2552 η.

282 2594 369 2648 264
