1909 2998
559 179 804 226 PLINY:
869 179 1200 227 NATURAL
1244 179 1541 227 HISTORY

254 316 279 353 9
368 307 423 353 V.
459 306 757 353 Celebratae
818 313 962 352 sunt:
983 305 1002 335 ¹
1060 308 1278 369 primum
1337 308 1389 351 in
1448 306 1789 356 ambulatione

307 393 614 440 Academiae
648 391 863 439 Athenis
906 392 1189 438 cubitorum
1223 407 1381 439 xxxln
1424 392 1592 440 radice
1626 411 1788 442 ramos

306 480 674 534 antecedente3
722 496 852 525 nunc
888 486 966 525 est
1001 478 1134 524 clara
1169 481 1220 524 in
1257 478 1413 542 Lycia
1449 478 1600 526 fontis
1635 481 1789 544 gelidi

304 569 436 613 socia
452 569 779 621 amoenitate,
798 568 965 611 itineri
987 565 1217 628 adposita
1233 565 1469 612 domicilii
1487 565 1654 622 modo,
1667 584 1790 615 cava

304 655 563 716 octoginta
582 659 737 715 atque
757 654 902 698 unius
920 651 1110 715 pedum
1129 667 1300 715 specu,
1320 668 1582 699 nemorosa
1600 656 1787 701 vertice

304 747 357 786 et
395 756 448 786 se
488 741 639 786 vastis
667 745 942 803 protegens
981 741 1130 785 ramis
1164 738 1398 785 arborum
1439 741 1613 795 instar,
1643 757 1788 803 agros

303 826 462 889 longis
497 826 731 873 obtinens
763 826 970 881 umbris,
1004 842 1061 872 ac
1094 842 1158 872 ne
1192 824 1313 888 quid
1344 825 1478 872 desit
1516 826 1785 890 speluncae

301 915 523 977 imagini,
578 929 732 959 saxea
785 915 920 959 intus
975 912 1242 976 crepidinis
1297 928 1479 958 corona
1533 930 1786 961 muscosos

299 1000 562 1064 complexa
593 1002 836 1064 pumices,
870 1006 977 1045 tam
1012 999 1165 1062 digna
1199 998 1438 1046 miraculo
1473 1006 1531 1046 ut
1567 999 1785 1048 Licinius

305 1087 568 1134 Mucianus
590 1093 671 1133 ter
692 1085 864 1133 consul
887 1093 941 1133 et
964 1103 1124 1151 nuper
1144 1088 1432 1150 provinciae
1456 1088 1562 1133 eius
1585 1086 1785 1150 legatus

298 1173 613 1238 prodendum
644 1176 799 1220 etiam
828 1176 1043 1237 posteris
1071 1175 1331 1237 putaverit
1362 1173 1623 1236 epulatum
1654 1177 1786 1220 intra

299 1278 411 1307 eam
437 1278 490 1307 se
516 1277 630 1307 cum
655 1259 1093 1307 duodevicensimo
1118 1262 1322 1315 comite,
1348 1259 1487 1324 large
1513 1263 1622 1324 ipsa
1647 1267 1782 1307 toros

295 1348 574 1412 praebente
584 1346 789 1403 frondis,
802 1347 865 1393 ab
876 1349 1010 1393 omni
1022 1345 1195 1394 alflatu
1205 1362 1453 1402 securum,
1464 1346 1753 1394 oblectante
1765 1349 1783 1377 ²

298 1436 531 1482 imbrium
545 1452 637 1499 per
652 1434 769 1481 folia
784 1437 980 1498 crepitu
995 1434 1015 1462 3
1030 1433 1293 1481 laetiorem
1310 1450 1463 1497 quam
1478 1450 1782 1481 marmorum

298 1526 478 1579 nitore,
502 1526 730 1586 picturae
756 1524 1022 1577 varietate,
1048 1521 1361 1584 laquearium
1388 1538 1525 1577 auro,
1551 1522 1781 1568 cubuisse

216 1617 266 1656 10
297 1613 348 1656 in
365 1609 560 1656 eadem.
629 1609 764 1656 aliud
782 1608 1070 1672 exemplum
1089 1608 1184 1655 Gai
1199 1610 1437 1672 principis
1453 1610 1505 1654 in
1521 1607 1780 1655 Veliterno

297 1713 410 1743 rure
432 1699 600 1743 mirati
621 1699 765 1742 unius
788 1695 1019 1742 tabulata
1040 1695 1255 1758 laxeque
1277 1712 1529 1742 ramorum
1550 1695 1776 1742 trabibus

297 1800 499 1830 scamna
524 1782 716 1847 patula,
744 1790 798 1829 et
824 1785 875 1828 in
903 1799 964 1829 ea
992 1782 1200 1846 epulati,
1227 1799 1341 1828 cum
1367 1784 1475 1846 ipse
1500 1798 1616 1845 pars
1644 1789 1779 1828 esset

297 1871 522 1926 umbrae,
553 1869 839 1933 quindecim
868 1872 1186 1916 convivarum
1216 1885 1273 1915 ac
1302 1871 1565 1915 ministerii
1593 1885 1778 1933 capace

214 1964 258 2001 11
295 1956 526 2013 triclinio,
575 1974 726 2019 quam
772 1973 949 2003 cenam
997 1955 1269 2021 appellavit
1315 1955 1397 2002 ille
1444 1955 1633 2002 nidum.
1701 1963 1779 2002 est

297 2043 555 2106 Gortynae
583 2046 632 2088 in
660 2042 820 2088 insula
847 2041 1000 2088 Creta
1027 2045 1169 2088 iuxta
1196 2040 1390 2089 fontem
1415 2041 1650 2105 platanus
1678 2058 1778 2088 una

470 2175 483 2198 1
513 2174 738 2213 Celebrata
757 2177 823 2213 est
841 2173 980 2223 Silliq.

466 2228 481 2250 ²
510 2228 717 2279 Detlessen
737 2229 1005 2278 (captantem
1027 2226 1276 2275 Pincianus)
1296 2241 1305 2265 :
1336 2226 1599 2266 obstantem.

464 2280 482 2303 ³
509 2282 715 2332 Detlefsen
733 2295 743 2320 z
775 2282 1000 2332 crepitum.

367 2503 385 2520 ⁰
414 2496 450 2535 A
468 2496 680 2535 reference
697 2500 743 2535 to
763 2496 836 2535 the
854 2495 1086 2546 emperor’s
1102 2499 1224 2546 great
1244 2495 1392 2545 height
1413 2494 1499 2534 and
1519 2494 1702 2547 obesity.

294 2573 323 2617 8
