1925 2998
585 227 831 273 PLINY:
896 225 1227 273 NATURAL
1271 226 1570 273 HISTORY

339 354 647 400 firmissimae
677 369 797 416 ergo
827 353 890 399 ad
918 352 1185 399 vivendum
1214 352 1374 409 oleae,
1402 360 1460 400 ut
1488 369 1611 416 quas
1639 353 1817 401 durare

338 453 477 497 annis
497 466 552 496 cc
574 453 705 496 inter
727 456 954 496 auctores
974 451 1254 495 conveniat.

232 553 311 592 242
393 546 525 594 XCI.
553 547 645 593 Est
658 550 709 592 in
723 546 1008 593 suburbano
1021 545 1285 591 Tusculani
1300 548 1406 609 agri
1419 545 1542 593 colle
1559 549 1642 609 qui
1658 547 1817 594 Corne

338 644 617 707 appellatur
644 643 781 689 lucus
810 645 1018 705 antiqua
1044 642 1285 705 religione
1314 642 1511 689 Dianae
1539 651 1762 691 sacratus
1790 662 1819 691 a

338 742 501 797 Latio,
527 740 664 787 velut
691 747 800 786 arte
825 738 992 786 tonsili
1019 756 1163 786 coma
1188 739 1324 802 fagei
1350 743 1581 786 nemoris.
1650 743 1701 786 in
1726 739 1819 788 hoc

337 839 564 884 arborem
611 839 847 883 eximiam
894 843 1066 882 aetate
1113 843 1284 882 nostra
1329 839 1516 883 amavit
1556 834 1819 885 Passienus

337 936 536 997 Crispus
573 935 647 980 bis
685 950 802 989 cos.,
839 940 1023 989 orator,
1062 933 1373 996 Agrippinae
1410 936 1729 981 matrimonio
1766 941 1820 982 et

338 1033 535 1079 Nerone
561 1034 788 1094 privigno
813 1030 988 1076 clarior
1011 1037 1208 1092 postea,
1233 1029 1441 1076 osculari
1468 1030 1818 1094 conplectique

337 1147 449 1177 eam
481 1129 671 1184 solitus,
703 1145 803 1174 non
835 1127 984 1174 modo
1017 1128 1199 1173 cubare
1233 1128 1324 1173 sub
1358 1144 1418 1173 ea
1450 1130 1720 1190 vinumque
1751 1127 1818 1174 illi

337 1226 629 1274 adfundere.
698 1228 856 1271 vicina
881 1224 992 1271 luco
1018 1231 1095 1271 est
1126 1223 1225 1271 ilex
1256 1231 1309 1270 et
1334 1227 1441 1286 ipsa
1465 1224 1642 1272 nobilis
1671 1239 1817 1272 xxxiv

337 1324 524 1387 pedum
544 1323 739 1369 ambitu
756 1321 991 1377 caudicis,
1011 1321 1190 1368 decem
1208 1338 1302 1368 ceu
1322 1321 1340 1350 1
1361 1321 1561 1368 arbores
1582 1324 1818 1369 emittens

337 1421 554 1485 singulas
570 1419 931 1483 magnitudinis
949 1418 1186 1465 visendae
1204 1418 1478 1480 silvamque
1495 1418 1599 1465 sola
1614 1418 1816 1467 faciens.

233 1527 311 1566 243
397 1518 558 1566 XCII.
600 1517 804 1564 Hedera
828 1519 995 1563 necari
1021 1516 1220 1562 arbores
1245 1522 1440 1563 certum
1461 1523 1552 1563 est.
1607 1517 1818 1564 similem

337 1617 541 1680 quidam
561 1623 614 1662 et
638 1618 689 1660 in
714 1617 845 1661 visco
869 1616 1075 1661 tametsi
1100 1613 1374 1660 tardiorem
1397 1616 1628 1659 iniuriam
1647 1630 1819 1661 earum

337 1715 926 1774 arbitrantur—namque
948 1718 1001 1757 et
1019 1709 1111 1757 hoc
1130 1717 1334 1773 praeter
1352 1709 1542 1757 fructus
1563 1711 1820 1775 adgnosci-

232 1819 313 1858 244
336 1820 418 1859 tur
433 1828 532 1857 non
548 1814 599 1856 in
614 1811 890 1856 novissimis
905 1807 1147 1854 mirabile.
1196 1807 1447 1870 quaedam
1463 1811 1596 1854 enim
1615 1810 1666 1854 in
1683 1815 1819 1856 terra

336 1911 474 1974 gigni
498 1925 598 1954 non
620 1913 829 1970 possunt
855 1913 907 1952 et
930 1908 980 1951 in
1005 1905 1261 1951 arboribus
1285 1911 1575 1961 nascuntur,
1598 1922 1815 1969 namque

335 2023 449 2054 cum
493 2022 633 2052 suam
676 2004 850 2051 sedem
894 2019 992 2049 non
1035 2001 1275 2058 habeant,
1318 2004 1369 2047 in
1412 2001 1575 2049 aliena
1617 2005 1816 2050 vivunt:

335 2107 463 2151 sicut
488 2105 673 2149 viscum
701 2108 754 2147 et
779 2103 829 2147 in
856 2099 997 2164 Syria
1022 2098 1179 2146 herba
1204 2115 1333 2162 quae
1359 2106 1566 2146 vocatur
1590 2098 1816 2163 cadytas,

336 2218 436 2248 non
464 2207 665 2247 tantum
694 2198 950 2244 arboribus
980 2197 1069 2243 sed
1097 2199 1215 2259 ipsis
1245 2199 1400 2243 etiam
1431 2199 1583 2258 spinis
1611 2199 1817 2244 circum-

336 2297 536 2344 volvens
585 2313 712 2352 sese,
761 2298 885 2341 item
934 2297 1064 2340 circa
1112 2293 1303 2355 Tempe
1352 2292 1637 2340 Tbessalica
1686 2310 1815 2356 quae

337 2394 639 2458 polypodion
676 2399 882 2439 vocatur
919 2398 973 2438 et
1009 2406 1139 2454 quae
1177 2389 1396 2437 dolichos
1434 2406 1491 2437 ac
1527 2390 1812 2455 serpyllum.

836 2540 851 2564 ¹
881 2551 956 2578 ceu
976 2536 1070 2578 add.
1093 2536 1288 2578 Mueller.

336 2632 422 2677 544
