1909 2998
268 400 321 436 45

266 878 319 917 46

262 1679 314 1718 47

261 2240 313 2279 48

607 184 851 230 PLINY:
917 184 1246 231 NATURAL
1291 184 1589 232 HISTORY

355 311 587 374 agricola,
613 329 773 374 pauca
800 315 974 374 attigit
1000 315 1176 357 vitium
1204 329 1410 374 genera,
1437 313 1748 375 quarundam
1774 331 1836 361 ex

355 391 430 437 his
471 395 571 437 iam
613 395 768 437 etiam
809 392 1090 437 nominibus
1134 392 1347 438 abolitis.
1415 397 1686 456 separatim
1727 401 1837 441 toto

352 479 575 518 tractatu
617 474 872 517 sententia
915 475 1020 517 eius
1063 471 1332 517 indicanda
1374 480 1470 528 est,
1513 480 1570 519 ut
1612 476 1662 518 in
1704 477 1836 520 omni

352 569 538 615 genere
567 568 829 598 noscamus
859 568 987 614 quae
1024 551 1211 598 fuerint
1245 551 1573 598 celeberrima
1610 570 1739 600 anno
1776 570 1837 601 Dc

353 633 505 688 urbis,
535 635 667 678 circa
696 639 871 695 captas
903 630 1262 695 Carthaginem
1293 648 1351 678 ac
1382 631 1694 689 Corinthum,
1723 650 1837 680 cum

352 729 640 776 supremum
682 715 721 758 is
757 712 893 758 diem
930 713 1073 768 obiit,
1099 720 1152 758 et
1188 719 1433 774 quantum
1471 721 1651 776 postea
1687 729 1836 760 ccxxx

352 795 492 839 annis
533 796 637 838 vita
667 791 956 856 profecerit.
1027 809 1146 856 ergo
1187 792 1251 838 de
1293 794 1476 839 vitibus
1518 796 1724 857 uvisque
1765 797 1837 841 ita

349 873 597 936 prodidit:
637 872 646 888 ‘
668 872 767 930 Qui
802 872 938 918 locus
976 875 1089 918 vino
1127 875 1345 936 optimus
1383 872 1601 919 dicitur1
1637 890 1746 920 esse
1783 881 1837 922 et

350 960 578 999 ostentus
603 952 804 1008 solibus,
830 953 1087 999 Aminium
1121 952 1454 999 minusculum
1488 960 1541 999 et
1576 957 1836 1016 geminum

350 1036 638 1096 eugenium,
656 1032 875 1079 helvium
903 1032 1234 1078 minusculum
1259 1036 1522 1079 conserito.
1593 1037 1676 1096 qui
1701 1034 1835 1081 locus

348 1116 556 1159 crassior
589 1120 678 1159 aut
724 1113 1026 1168 nebulosior,
1061 1113 1319 1159 Aminium
1367 1116 1528 1158 maius
1570 1121 1659 1159 aut
1696 1114 1835 1160 Mur-

348 1196 631 1256 gentinum,
666 1193 900 1256 Apicium
936 1192 1196 1239 Lucanum
1231 1195 1400 1239 seritO.
1468 1200 1672 1239 ceterae
1707 1197 1834 1240 vites

348 1273 600 1320 miscellae
649 1276 868 1319 maxime
918 1275 969 1319 in
1020 1276 1245 1335 quemvis
1295 1289 1471 1336 agrum
1513 1276 1831 1320 conveniunt.

348 1357 399 1399 in
445 1353 542 1399 olla
580 1352 734 1399 cum2
771 1356 989 1399 vinaceis
1027 1353 1311 1399 conduntur
1364 1353 1623 1399 Aminium
1675 1356 1834 1399 minu-

349 1434 539 1480 sculum
557 1440 609 1479 et
628 1436 787 1479 maius
805 1441 857 1479 et
874 1434 1107 1497 Apicium
1124 1448 1136 1487 ;
1172 1433 1352 1479 eadem
1367 1435 1419 1478 in
1434 1449 1555 1496 sapa
1572 1440 1624 1479 et
1649 1440 1833 1489 musto,

347 1517 398 1559 in
433 1514 537 1559 lora
569 1520 706 1560 recte
733 1513 1032 1559 conduntur.
1101 1529 1224 1575 quas
1261 1512 1536 1576 suspendas
1571 1512 1832 1559 duracinas

349 1594 575 1639 Aminias
607 1597 840 1649 maiores,
864 1593 944 1639 vel
967 1593 1031 1639 ad
1054 1592 1252 1638 fabrum
1277 1592 1541 1638 ferrarium
1562 1609 1653 1658 pro
1675 1596 1832 1656 passis

350 1673 444 1720 hae
472 1681 610 1719 recte
637 1672 933 1719 servantur.’
1002 1673 1107 1719 Nec
1134 1680 1251 1719 sunt
1277 1675 1553 1718 vetustiora
1579 1672 1643 1718 de
1670 1671 1753 1717 illa
1778 1689 1831 1719 re

349 1753 562 1799 Latinae
601 1753 802 1816 linguae
840 1761 1141 1817 praecepta:
1197 1760 1304 1798 tam
1340 1769 1499 1815 prope
1538 1753 1602 1798 ab
1641 1754 1830 1815 origine

347 1850 512 1880 rerum
570 1850 755 1879 sumus.
846 1834 1100 1879 Aminiam
1157 1835 1383 1896 proxime
1435 1832 1624 1878 dictam
1676 1831 1831 1878 Varro

346 1913 665 1960 Scantianam
689 1921 850 1960 vocat.

412 1994 471 2039 In
520 2001 691 2039 nostra
740 2000 912 2039 aetate
961 2009 1123 2056 pauca
1172 1992 1404 2056 exempla
1452 1999 1828 2039 consummatae

346 2073 491 2119 huius
535 2076 655 2119 artis
699 2072 858 2129 fuere,
903 2090 1074 2119 verum
1119 2089 1179 2118 eo
1222 2075 1384 2118 minus
1429 2071 1729 2127 omittenda,
1772 2080 1828 2118 ut

346 2160 615 2200 noscantur
651 2157 805 2199 etiam
836 2156 1078 2216 praemia,
1112 2168 1241 2214 quac
1274 2155 1326 2197 in
1357 2154 1491 2197 omni
1524 2168 1576 2197 re
1610 2154 1826 2198 maxime

345 2240 653 2297 spectantur.
694 2250 940 2279 summam
958 2249 1077 2295 ergo
1094 2231 1308 2295 adeptus
1325 2238 1402 2277 est
1417 2231 1625 2294 gloriam
1640 2231 1827 2278 Acilius

615 2412 630 2435 ¹
667 2410 747 2449 VJ.
770 2410 950 2450 dicetur.

617 2466 632 2488 ²
662 2477 757 2503 cum
778 2464 872 2504 add.
894 2463 1104 2503 Rackham
1126 2463 1187 2514 (in
1208 2461 1400 2502 vinaceis
1420 2462 1553 2511 Cato).

348 2575 435 2618 210
