1909 2998
280 322 333 359 42

279 981 332 1021 43

621 190 863 236 PLINY:
929 189 1259 235 NATURAL
1304 189 1601 235 HISTORY

432 316 490 362 In
531 317 751 380 pergulis
794 334 911 363 vero
953 325 1187 363 seruntur
1229 319 1448 363 escariae
1493 315 1778 380 appellatae
1821 333 1849 362 e

365 390 629 446 duracinis,
646 391 789 436 albae
812 393 1103 453 nigraeque,
1123 398 1175 436 et
1197 391 1417 436 bumasti
1439 390 1658 436 totidem
1680 389 1851 436 colori-

364 464 474 519 bus,
505 480 561 509 ac
592 463 813 509 nondum
843 464 1010 509 dictae
1041 464 1205 526 Aegia
1235 471 1288 509 et
1319 462 1514 509 Rhodia
1544 470 1597 509 et
1628 463 1850 519 uncialis,

365 536 503 582 velut
524 553 553 582 a
572 536 795 599 pondere
819 539 964 592 acini,
986 540 1111 582 item
1130 539 1297 600 picina
1319 539 1540 582 omnium
1561 538 1849 599 nigerrima,

366 617 419 655 et
458 613 712 655 coronario
753 618 963 656 naturae
1004 609 1115 655 lusu
1155 608 1473 673 stephanitis,
1514 612 1680 655 acinos
1721 608 1849 655 foliis

365 684 830 738 intercursantibus,
864 691 916 730 et
951 699 1079 745 quae
1113 682 1337 729 forenses
1370 690 1629 738 vocantur,
1661 682 1850 729 celeres

363 763 628 819 proventu,
649 756 924 802 vendibiles
947 763 1172 819 aspectu,
1192 763 1399 819 portatu
1419 754 1607 802 faciles.
1676 763 1850 802 contra

363 829 666 875 damnantur
684 833 839 875 etiam
856 833 962 875 visu
980 832 1178 876 cinerea
1199 837 1251 875 et
1271 829 1535 875 rabuscula
1549 829 1568 858 1
1589 836 1642 875 et
1663 832 1850 875 asinus-

363 919 436 959 ca,
474 906 636 948 minus
672 910 846 949 tamen
881 903 1066 949 caudas
1109 902 1332 966 vulpium
1379 905 1579 948 imitata
1614 902 1847 966 alopecis.

364 975 706 1022 Alexandrina
737 976 1019 1039 appellatur
1044 979 1157 1022 vitis
1188 979 1319 1022 circa
1346 974 1637 1022 Phalacram
1668 976 1849 1031 brevis,

362 1052 511 1095 ramis
555 1049 872 1104 cubitalibus,
918 1053 1060 1095 acino
1104 1052 1246 1112 nigro
1290 1048 1439 1095 fabae
1483 1049 1849 1112 magnitudine,

363 1123 540 1168 nucleo
557 1123 692 1168 molli
711 1130 762 1169 et
781 1126 1004 1178 minimo,
1023 1122 1234 1185 obliquis
1252 1125 1463 1168 racemis
1480 1121 1848 1186 praedulcibus,

362 1194 480 1241 folio
517 1213 670 1259 parvo
711 1203 764 1242 et
803 1196 1038 1251 rotundo,
1078 1199 1184 1241 sine
1225 1195 1467 1241 divisuris.
1536 1202 1736 1258 septem
1773 1194 1848 1241 his

365 1272 504 1315 annis
537 1272 587 1314 in
614 1269 950 1315 Narbonensis
975 1272 1258 1332 provinciae
1284 1268 1415 1314 Alba
1440 1268 1621 1314 Helvia
1644 1271 1849 1314 inventa

362 1350 440 1388 est
492 1345 605 1388 vitis
659 1359 758 1388 uno
810 1342 892 1388 die
946 1342 1297 1397 deflorescenS,
1351 1343 1414 1387 ob
1466 1341 1518 1388 id
1570 1344 1848 1396 tutissima3

361 1417 675 1462 carbonicam
695 1415 714 1445 2
772 1423 969 1472 vocant,
1029 1432 1180 1479 quam
1238 1432 1368 1461 nunc
1426 1422 1538 1461 tota
1594 1418 1848 1478 provincia

360 1492 592 1535 conserit.

426 1563 484 1609 V.
522 1563 771 1609 Catonum
790 1563 872 1609 ille
896 1566 1103 1626 primus,
1122 1561 1377 1626 triumpho
1398 1569 1451 1609 et
1469 1578 1679 1608 censura
1699 1579 1847 1625 super

359 1643 531 1682 cetera
580 1640 804 1699 insignis,
853 1640 1013 1699 magis
1062 1644 1237 1682 tamen
1288 1639 1567 1681 etiamnum
1616 1635 1847 1681 claritate

360 1708 643 1755 litterarum
686 1713 1074 1773 praeceptisque
1122 1712 1344 1755 omnium
1388 1725 1556 1755 rerum
1603 1716 1848 1771 expeten-

361 1782 538 1828 darum
563 1783 693 1828 datis
718 1786 893 1845 generi
918 1783 1161 1837 Romano,
1186 1786 1319 1828 inter
1341 1785 1504 1845 prima
1527 1798 1644 1827 vero
1670 1798 1845 1844 agrum

359 1855 573 1912 colendi,
599 1856 680 1902 ille
709 1859 818 1902 aevi
845 1855 1157 1902 confessione
1185 1859 1404 1919 optimus
1432 1872 1488 1901 ac
1516 1858 1622 1901 sine
1650 1855 1846 1900 aemulo

495 1971 510 1994 ¹
540 1969 774 2008 rubuseula
793 1968 950 2017 (‘little
972 1969 1317 2019 bramble-grape
1332 1969 1360 2018 ’)
1386 1972 1402 2007 ‘3
1432 1967 1735 2019 Warminqton.

494 2024 509 2047 ²
538 2022 643 2062 Edd.
667 2026 756 2073 (aut
775 2023 1083 2071 Narbonicam)
1103 2038 1111 2062 :
1144 2022 1415 2061 carbunicam.

419 2191 436 2208 ⁰
465 2183 654 2234 Perhaps
673 2197 719 2222 so
738 2183 871 2223 called
889 2184 1000 2223 from
1019 2185 1075 2222 its
1093 2197 1195 2235 grey
1215 2183 1371 2223 colour.

419 2237 433 2262 ⁶
464 2237 670 2289 Ἀλώπηξ,
695 2237 821 2276 ‘fox.’

418 2297 432 2315 θ
460 2291 518 2330 M.
542 2291 715 2330 Porcius
740 2292 860 2337 Cato,
881 2289 1023 2330 whose
1048 2291 1111 2329 De
1138 2303 1179 2329 re
1200 2290 1360 2329 rustica
1387 2292 1453 2339 (or
1472 2291 1535 2330 De
1553 2290 1644 2340 aqri
1665 2292 1842 2339 cult-ura)

364 2345 398 2383 is
433 2345 595 2394 quoted
629 2344 777 2390 belom
814 2343 1056 2383 celebrated
1090 2356 1116 2382 a
1148 2343 1343 2394 triumph
1377 2345 1420 2383 in
1457 2344 1533 2382 194
1569 2355 1651 2382 Rc.
1685 2343 1752 2381 for
1780 2342 1843 2382 his

364 2398 563 2436 victories
588 2398 632 2435 in
659 2397 804 2447 Spain,
830 2397 915 2436 and
942 2410 1027 2436 was
1052 2409 1199 2436 censor
1228 2397 1271 2436 in
1303 2398 1380 2436 184
1410 2407 1491 2435 B.c.
1550 2397 1640 2436 The
1666 2402 1843 2447 capture

364 2451 449 2490 and
465 2451 731 2490 destruction
748 2450 798 2490 of
808 2450 1019 2501 Carthage
1033 2450 1119 2490 and
1136 2450 1313 2491 Corinth
1329 2450 1435 2490 took
1448 2449 1568 2502 place
1583 2451 1629 2490 in
1649 2453 1725 2490 146
1742 2461 1840 2498 13.c.,

364 2504 484 2543 three
504 2517 628 2556 years
649 2504 760 2544 after
781 2504 846 2544 his
866 2503 1013 2544 death.

366 2595 454 2637 214
