1909 2998
573 208 817 255 PLINY:
880 207 1210 255 NATURAL
1253 205 1550 254 HISTORY

323 336 618 384 crediderim
650 335 889 381 honorem
921 338 967 382 ei
998 334 1227 381 habitum
1257 337 1308 380 in
1339 333 1602 398 triumphis
1631 336 1798 397 potius

325 447 476 493 quarn
494 432 610 492 quia
627 429 964 475 suffimentum
982 431 1046 474 sit
1062 428 1229 474 caedis
1245 426 1464 474 hostium
1481 434 1534 473 et
1550 430 1799 490 purgatio,

325 531 382 569 ut
434 522 589 568 tradit
645 522 909 567 Masurius.
979 521 1205 584 adeoque
1258 524 1309 566 in
1361 520 1579 584 profanis
1633 521 1800 566 usibus

325 616 476 679 pollui
500 616 692 661 laurum
716 622 768 661 et
790 614 952 660 oleam
975 614 1048 660 fas
1071 631 1170 660 non
1193 621 1287 669 est,
1311 621 1365 660 ut
1389 630 1451 659 ne
1472 613 1800 677 propitiandis

326 709 529 772 quidem
581 708 864 754 numinibus
917 707 1121 753 accendi
1173 724 1236 753 ex
1287 710 1344 752 iis
1397 706 1572 752 altaria
1625 723 1800 752 araeve

324 803 559 848 debeant.
628 801 793 847 laurus
843 801 1047 864 quidem
1096 800 1362 846 manifesto
1411 800 1614 846 abdicat
1661 803 1801 862 ignes

324 899 518 959 crepitu
545 902 597 941 et
623 894 840 958 quadam
867 893 1227 950 detestatione,
1246 897 1619 940 interaneorum
1648 897 1801 940 etiam

325 992 445 1035 vitia
486 996 538 1035 et
579 1005 842 1034 nervorum
882 987 1018 1050 ligno
1058 995 1344 1050 torquente.
1412 986 1485 1033 Ti.
1527 990 1802 1050 principem

324 1089 534 1128 tonante
585 1081 724 1128 caelo
774 1084 997 1127 coronari
1049 1097 1109 1127 ea
1159 1080 1361 1127 solitum
1411 1079 1580 1127 ferunt
1630 1088 1804 1126 contra

327 1175 590 1221 fulminum
615 1182 796 1221 metus.

229 1276 305 1314 136
392 1268 518 1315 Sunt
554 1275 607 1314 et
639 1272 769 1314 circa
802 1268 972 1314 divum
998 1268 1285 1331 Augustum
1311 1274 1494 1314 eventa
1521 1270 1627 1314 eius
1652 1268 1805 1330 digna

327 1369 621 1408 memoratu.
691 1378 908 1424 namque
948 1361 1118 1407 Liviae
1158 1361 1423 1418 Drusillae,
1462 1377 1590 1424 quae
1626 1368 1804 1425 postea

328 1457 611 1518 Augustam
660 1458 964 1500 matrimonii
1001 1471 1185 1501 nomen
1233 1457 1447 1519 accepit,
1495 1471 1608 1501 cum
1655 1462 1805 1518 pacta

328 1556 461 1596 esset
482 1548 564 1594 illa
587 1548 804 1604 Caesari,
826 1548 1063 1611 gallinam
1085 1551 1336 1612 conspicui
1358 1548 1585 1594 candoris
1607 1548 1804 1594 sedenti

329 1641 493 1705 aquila
530 1659 592 1688 ex
631 1642 732 1688 alto
770 1642 954 1688 abiecit
990 1645 1041 1687 in
1077 1645 1324 1705 gremium
1360 1642 1618 1698 inlaesam,
1654 1645 1806 1688 intre-

327 1736 545 1799 pideque
567 1738 767 1781 miranti
789 1738 998 1782 accessit
1018 1735 1329 1790 miraculum,
1351 1738 1586 1798 quoniam
1605 1742 1804 1782 teneret

329 1830 415 1874 inl
468 1836 627 1874 rostro
680 1828 905 1875 laureum
958 1845 1151 1875 ramum
1205 1836 1440 1875 onustum
1493 1832 1591 1875 suis
1644 1829 1807 1883 bacis;

327 1926 605 1968 conservari
662 1922 834 1968 alitem
891 1929 944 1968 et
1000 1922 1224 1968 subolem
1280 1926 1466 1968 iussere
1522 1921 1807 1985 haruspices

233 2023 306 2062 137
332 2032 625 2078 ramumque
656 2032 772 2061 eum
801 2018 897 2061 seri
935 2032 991 2061 ac
1027 2019 1122 2061 rite
1152 2015 1418 2062 custodiri:
1455 2016 1588 2078 quod
1617 2014 1806 2062 factum

333 2116 409 2155 est
451 2111 501 2154 in
543 2108 656 2154 villa
698 2108 967 2155 Caesarum
1009 2108 1157 2154 fluvio
1197 2109 1364 2155 Tiberi
1409 2111 1624 2172 inposita
1663 2112 1807 2155 iuxta

331 2218 516 2247 nonum
547 2200 767 2264 lapidem
801 2201 1073 2247 Flaminiae
1106 2206 1233 2257 viae,
1265 2218 1395 2264 quae
1427 2202 1491 2248 ob
1522 2202 1573 2248 id
1604 2210 1808 2248 vocatur

334 2294 413 2340 Ad
460 2294 696 2358 gallinas3
761 2298 986 2357 mireque
1035 2295 1155 2341 silva
1205 2311 1265 2341 ea
1311 2297 1569 2358 provenit:
1636 2312 1699 2341 ex
1748 2312 1807 2341 ea

333 2387 643 2451 triumphans
683 2394 862 2450 postea
903 2387 1086 2433 Caesar
1127 2388 1320 2434 laurum
1360 2391 1411 2434 in
1450 2404 1603 2434 manu
1643 2391 1807 2435 tenuit

804 2519 819 2543 ²
850 2518 900 2557 M
903 2518 1046 2570 ‹zyhoff
1060 2533 1069 2559 :
1100 2523 1335 2559 tenentem.

337 2595 425 2652 380
