1909 2998
231 328 272 365 71

227 1611 278 1651 73

569 196 813 242 PLINY:
876 195 1206 242 NATURAL
1251 195 1546 242 HISTORY

318 321 421 368 aliis
457 323 508 367 in
543 321 660 369 locis
696 322 899 384 polleat.
971 322 1323 384 Hispaniarum
1361 321 1621 368 Laeetana
1653 326 1794 385 copia

313 428 656 483 nobilitantur,
714 428 967 491 elegantia
1024 445 1139 475 vero
1195 429 1585 475 Tarraconensia
1639 436 1794 492 atque

315 534 653 581 Lauronensia
673 542 725 581 et
743 534 985 581 Baliarica
1007 551 1068 580 ex
1087 534 1256 580 insulis
1274 534 1599 581 conferuntur
1617 535 1794 582 Italiae

312 644 496 703 primis.
565 658 657 688 nec
704 644 877 704 ignoro
924 640 1084 687 multa
1131 644 1484 703 praetermissa
1530 640 1793 705 plerosque

314 752 703 803 existimaturos,
741 748 942 811 quando
980 765 1126 795 suum
1164 751 1345 810 cuique
1378 748 1546 810 placet
1585 755 1639 794 et
1675 766 1794 812 quo-

312 873 527 918 cumque
556 863 716 912 eatur,
743 855 916 902 fabula
945 855 1125 902 eadem
1155 858 1422 917 reperitur,
1446 856 1547 902 divi
1576 855 1793 919 Augusti

312 963 604 1009 iudiciorum
627 980 684 1010 ac
707 963 864 1025 palati
886 965 1243 1025 peritissimum
1270 978 1296 1008 e
1319 961 1509 1008 libertis
1533 979 1792 1009 censuram

313 1073 411 1116 vini
439 1073 489 1115 in
519 1070 690 1132 epulas
720 1073 824 1116 eius
852 1069 1125 1117 facientem
1153 1069 1338 1117 dixisse
1364 1068 1549 1132 hospiti
1577 1070 1641 1116 de
1669 1070 1794 1116 indi-

311 1193 443 1239 gena
464 1180 576 1223 vino
598 1194 781 1223 novum
804 1177 1007 1239 quidem
1028 1176 1120 1222 sibi
1140 1184 1346 1239 gustum
1369 1192 1477 1223 esse
1499 1193 1616 1223 eum
1638 1184 1792 1240 atque

312 1300 411 1330 non
444 1301 505 1331 ex
538 1284 802 1340 nobilibus,
835 1284 923 1330 sed
955 1283 1223 1330 Caesarem
1247 1299 1346 1329 non
1380 1282 1514 1330 aliud
1536 1290 1790 1346 poturum.

312 1408 403 1438 nec
426 1395 715 1454 negaverim
738 1399 789 1438 et
813 1391 909 1437 alia
931 1391 1084 1454 digna
1108 1407 1215 1437 esse
1237 1390 1391 1446 fama,
1413 1390 1502 1437 sed
1523 1390 1587 1437 de
1611 1391 1791 1454 quibus

311 1515 577 1545 consensus
602 1502 711 1545 aevi
733 1499 1027 1545 iudicaverit
1048 1497 1174 1544 haec
1197 1505 1329 1544 sunt.

376 1605 464 1652 IX.
502 1605 644 1652 Nunc
685 1605 831 1652 simili
866 1605 1015 1652 modo
1049 1608 1383 1652 transmarina
1418 1604 1655 1652 dicemus.
1741 1608 1792 1651 in

311 1730 504 1759 summa
542 1713 700 1777 gloria
738 1720 852 1775 post
892 1712 1161 1759 Homerica
1197 1711 1282 1758 illa
1321 1711 1386 1758 de
1425 1713 1603 1774 quibus
1643 1729 1792 1775 supra

310 1821 524 1867 diximus
569 1820 710 1867 fuere
754 1819 991 1866 Thasium
1037 1818 1335 1882 Chiumque,
1381 1835 1445 1865 ex
1489 1818 1613 1865 Chio
1658 1819 1791 1882 quod

310 1928 562 1974 Ariusium
598 1934 793 1974 vocant.
870 1926 944 1973 his
981 1927 1175 1973 addidit
1219 1926 1457 1973 Lesbium
1502 1926 1789 1973 Erasistrati

310 2037 514 2080 maximi
549 2035 729 2081 medici
766 2037 1053 2089 auctoritas,
1085 2036 1281 2080 circiter
1316 2047 1456 2079 ccch
1492 2049 1621 2079 anno
1657 2033 1789 2080 urbis

311 2141 515 2188 Romae.
584 2158 713 2188 nunc
756 2144 921 2204 gratia
964 2147 1082 2187 ante
1126 2142 1291 2186 omnia
1337 2147 1413 2186 est
1457 2139 1790 2194 Clazomenio,

228 2254 280 2291 74
311 2255 577 2310 postquam
615 2250 809 2310 parcius
848 2250 973 2293 mari
1009 2246 1265 2293 condiunt.
1335 2246 1572 2292 Lesbium
1610 2252 1790 2308 sponte

884 2491 903 2509 ⁰
931 2486 1010 2524 304
1032 2496 1114 2524 inc.

314 2598 400 2643 234
