1909 2998
601 209 845 257 PLINY:
909 210 1239 258 NATURAL
1283 210 1580 259 HISTORY

351 336 619 382 tribunalia
642 344 874 384 extructa
895 338 1125 384 manibus
1149 338 1213 385 ad
1235 341 1583 402 experimenta
1607 339 1827 387 altissimi

351 420 536 469 aestuS‚
570 416 695 459 casis
730 416 802 460 ita
836 417 1079 477 inpositis,
1114 415 1466 478 navigantibus
1500 416 1682 463 similes
1716 434 1829 464 cum

350 492 582 553 integant
638 506 798 552 aquae
854 490 1180 546 circumdata,
1237 489 1489 554 naufragis
1545 509 1662 539 vero
1715 509 1829 540 cum

348 568 661 621 recesserint,
721 565 1074 629 fugientesque
1133 583 1246 613 cum
1304 570 1428 613 mari
1483 571 1645 632 pisces
1701 572 1830 616 circa

348 645 550 705 tuguria
594 650 855 689 venantur.
925 659 1023 688 non
1067 643 1317 706 pecudem
1361 642 1436 690 his
1481 643 1685 701 habere,
1730 663 1829 692 non

349 718 478 765 lacte
511 719 574 764 ali
607 726 664 765 ut
697 719 935 774 finitimis,
967 736 1031 766 ne
1063 736 1177 766 cum
1208 718 1325 766 feris
1358 720 1562 783 quidem
1593 721 1828 769 dimicare

297 802 321 838 4
344 798 593 858 contingit
612 798 745 841 omni
763 795 935 859 procul
956 796 1135 842 abacto
1155 795 1351 843 frutice.
1411 796 1524 843 ulva
1545 804 1598 844 et
1619 797 1828 862 palustri

347 875 493 918 iunco
529 870 659 917 funis
698 879 910 918 nectunt
947 872 1012 918 ad
1046 872 1396 936 praetexenda
1430 873 1647 937 piscibus
1683 878 1828 931 retia,

346 955 652 1012 captumque
688 949 916 995 manibus
952 948 1114 994 lutum
1149 952 1311 995 ventis
1346 952 1506 1013 magis
1540 967 1692 1014 quam
1725 951 1827 998 sole

345 1028 590 1071 siccantes
618 1032 754 1072 terra
780 1025 915 1071 cibos
945 1032 998 1071 et
1025 1027 1242 1089 rigentia
1268 1029 1613 1089 septentrione
1641 1029 1828 1074 viscera

346 1118 435 1148 sua
455 1109 621 1148 urunt.
687 1108 838 1165 potus
858 1118 958 1148 non
978 1104 1071 1148 nisi
1091 1118 1154 1148 ex
1175 1102 1333 1149 imbre
1354 1109 1553 1149 servato
1572 1104 1827 1151 scrobibus

345 1181 397 1224 in
442 1178 688 1224 vestibulo
734 1177 927 1224 domus,
996 1185 1050 1225 et
1095 1177 1191 1224 hae
1237 1186 1436 1242 gentes,
1482 1182 1522 1225 si
1568 1182 1829 1227 vincantur

345 1254 494 1301 hodie
545 1271 574 1300 a
622 1254 808 1318 populo
860 1254 1101 1310 Romano,
1151 1257 1334 1301 servire
1384 1271 1438 1301 se
1489 1255 1689 1303 dicunt!
1756 1260 1828 1304 ita

347 1338 423 1378 est
446 1330 702 1395 profecto:
739 1331 914 1378 multis
941 1330 1146 1377 fortuna
1171 1334 1335 1394 parcit
1359 1333 1411 1377 in
1436 1348 1672 1395 poenam.

292 1417 317 1453 5
405 1407 473 1453 II.
509 1407 662 1454 Aliud
687 1425 714 1454 e
741 1407 871 1454 silvis
897 1407 1217 1454 miraculum:
1251 1415 1415 1454 totam
1439 1408 1683 1472 reliquam
1704 1409 1827 1456 Ger-

342 1487 562 1530 maniam
579 1483 851 1531 referciunt
870 1483 889 1514 1
909 1484 1202 1547 adduntque
1225 1483 1394 1548 frigori
1413 1485 1630 1542 umbras,
1651 1485 1826 1533 altissi-

343 1578 456 1608 mae
475 1568 649 1608 tamen
668 1560 792 1608 haut
809 1558 982 1625 procul
999 1578 1148 1625 supra
1166 1560 1311 1608 dictis
1330 1560 1540 1608 Chaucis
1557 1565 1686 1609 circa
1703 1562 1825 1610 duos

342 1641 611 1701 praecipue
640 1638 790 1685 lacus.
858 1637 1004 1684 litora
1031 1640 1140 1701 ipsa
1167 1640 1402 1701 optinent
1431 1655 1641 1701 quercus
1669 1643 1826 1685 maxi—

343 1731 426 1760 ma
474 1715 716 1761 aviditate
765 1714 1021 1770 nascendi,
1069 1713 1406 1777 suffossaeque
1456 1714 1688 1762 fluctibus
1737 1723 1825 1763 aut

341 1791 605 1855 propulsae
646 1790 847 1837 flatibus
887 1797 1052 1837 vastas
1091 1790 1341 1854 conplexu
1378 1790 1603 1837 radicum
1641 1792 1824 1839 insulas

342 1884 511 1914 secum
540 1867 793 1924 auferunt,
822 1874 976 1930 atque
1004 1870 1077 1913 ita
1104 1867 1316 1914 libratae
1345 1874 1539 1914 stantes
1567 1871 1823 1932 navigant,

341 1946 623 2008 ingentium
647 1961 897 1990 ramorum
923 1947 1246 1991 armamentis
1270 1960 1423 2008 saepe
1447 1946 1636 1990 territis
1661 1945 1824 1992 classi-

393 2053 421 2144 fl
451 2052 712 2146 Γθῑῗτοίυῃὺῗ
745 2051 942 2103 Mayhoff
970 2051 1187 2102 (operiunt
1220 2051 1471 2102 Detlessen.):
1501 2051 1720 2102 reperiunt
1750 2057 1822 2092 aut

346 2119 389 2144 re
411 2119 515 2145 erun
541 2136 550 2146 .

394 2260 411 2278 a

396 2307 410 2331 1>
438 2254 779 2358 ἓεῇἒιιῖἒῗῗιίαεθ
818 2305 867 2345 of
899 2305 974 2345 the
1012 2318 1134 2344 verse
1168 2305 1360 2344 Fortuna
1394 2303 1540 2344 multis
1573 2317 1742 2355 parcere
1775 2305 1820 2344 in

342 2373 519 2412 poenam
541 2359 652 2407 solet,
675 2359 873 2398 ascribed
894 2362 940 2397 to
956 2358 1177 2398 Laberius.
1238 2358 1326 2397 The
1347 2359 1545 2410 meaning
1566 2357 1666 2398 here
1684 2371 1820 2398 seems

338 2420 386 2455 to
416 2414 467 2453 be
496 2414 594 2453 that
623 2413 688 2452 for
718 2413 945 2452 backward
974 2425 1091 2452 races
1120 2413 1154 2452 it
1184 2412 1218 2450 is
1247 2425 1272 2451 a
1306 2411 1558 2452 missortune
1587 2417 1658 2451 not
1688 2416 1735 2452 to
1769 2412 1820 2452 be

339 2467 580 2519 conquered
600 2467 658 2518 by
680 2466 830 2505 Rome.

394 2528 409 2547 ⁶
437 2522 639 2571 Forming
660 2519 736 2560 the
756 2519 928 2571 Zuyder
948 2518 1044 2558 Zee.

337 2599 427 2658 388
