1909 2998
213 317 267 355 56

216 850 267 887 57

215 1495 268 1532 58

550 180 794 225 PLINY:
859 178 1188 225 NATURAL
1232 178 1529 225 HISTORY

363 307 557 353 XXIII.
596 307 707 353 Non
746 306 1082 352 omittendum
1125 305 1259 369 apud
1295 305 1499 351 eosdem
1535 308 1775 369 zopissam

300 417 461 461 vocari
497 414 726 460 derasam
761 413 967 458 navibus
1003 414 1264 458 maritimis
1299 415 1463 475 picem
1499 428 1612 458 cum
1647 429 1778 468 cera,

300 521 419 567 nihil
448 537 547 566 non
585 523 880 583 experiente
914 522 1034 575 vita,
1062 518 1321 581 multoque
1355 519 1679 565 efficaciorem
1716 519 1778 565 ad

300 631 466 674 omnia
513 628 690 689 quibus
735 630 872 689 pices
920 629 1215 688 resinaeque
1272 633 1499 688 prosunt,
1545 625 1780 672 videlicet

301 736 497 781 adiecto
523 734 635 780 salis
660 734 799 780 callo.

366 843 606 906 Aperitur
623 845 769 905 picea
789 858 816 887 e
835 847 981 904 parte
1002 840 1164 895 solari,
1185 857 1284 886 non
1302 840 1451 904 plaga
1471 840 1561 886 sed
1580 840 1779 887 volnere

301 950 454 996 ablati
491 951 706 1004 corticis,
744 965 857 994 cum
893 948 1163 1011 plurimum
1200 946 1422 1011 bipedali
1459 946 1617 1003 hiatu,
1655 954 1713 994 ut
1751 964 1780 993 a

299 1064 434 1104 terra
469 1057 638 1102 cubito
673 1073 787 1102 cum
821 1057 1082 1100 minimum
1119 1055 1264 1100 absit.
1333 1071 1426 1100 nec
1460 1057 1653 1118 corpori
1687 1057 1779 1118 ipsi

299 1167 519 1228 parcitur
547 1170 605 1209 ut
633 1165 684 1208 in
712 1165 912 1217 ceteris,
943 1164 1178 1224 quoniam
1209 1161 1371 1207 astula
1399 1165 1450 1206 in
1479 1161 1645 1207 fructu
1674 1169 1751 1208 est
1767 1176 1779 1216 ;

301 1288 472 1317 verum
506 1269 632 1316 haec
663 1273 893 1334 proxima
926 1269 1177 1324 laudatur,
1214 1268 1358 1314 altior
1394 1268 1779 1314 amaritudinem

302 1377 481 1424 adfert.
548 1384 726 1441 postea
756 1393 897 1422 umor
926 1379 1084 1422 omnis
1115 1393 1142 1422 e
1171 1383 1283 1421 tota
1311 1375 1517 1421 confluit
1546 1379 1597 1420 in
1624 1375 1779 1431 ulcus,

300 1489 424 1532 item
458 1488 509 1531 in
543 1485 709 1531 taeda.
778 1501 891 1530 cum
925 1483 976 1529 id
1011 1500 1214 1529 manare
1250 1483 1417 1538 desiit,
1452 1482 1598 1528 simili
1631 1482 1780 1529 modo

301 1610 363 1640 ex
400 1592 496 1638 alia
527 1599 673 1655 parte
710 1594 932 1655 aperitur
967 1607 1024 1636 ac
1059 1590 1244 1636 deinde
1280 1590 1390 1636 alia.
1457 1597 1637 1654 postea
1670 1597 1781 1636 tota

301 1701 445 1746 arbor
484 1699 754 1745 succiditur
793 1705 846 1745 et
884 1697 1104 1744 medulla
1144 1700 1248 1743 eius
1289 1700 1462 1743 uritur.
1530 1700 1599 1743 sic
1639 1704 1692 1743 et
1729 1700 1781 1742 in

301 1807 442 1870 Syria
469 1805 757 1852 terebintho
785 1803 1060 1851 detrahunt
1087 1807 1315 1859 cortices,
1343 1804 1408 1849 ibi
1439 1803 1642 1866 quidem
1672 1811 1723 1849 et
1752 1821 1778 1850 e

301 1917 447 1959 ramis
496 1930 552 1959 ac
599 1913 863 1967 radicibus,
913 1928 1027 1957 cum
1064 1914 1228 1957 resina
1278 1911 1546 1956 damnetur
1594 1927 1656 1957 ex
1706 1910 1779 1957 his

298 2021 539 2085 partibus.
612 2023 663 2065 in
698 2018 1000 2064 Macedonia
1032 2017 1235 2064 laricem
1274 2017 1546 2063 masculam
1575 2024 1737 2064 totam
1762 2017 1780 2047 1

220 2137 270 2175 59
305 2134 472 2183 urunt,
485 2126 702 2173 feminae
719 2125 911 2172 radices
927 2132 1142 2171 tantum.
1158 2124 1509 2188 Theopompus
1522 2127 1717 2188 scripsit
1729 2127 1779 2170 in

303 2234 732 2299 Apolloniatarum
761 2250 881 2296 agro
907 2235 1073 2296 picem
1102 2231 1320 2278 fossilem
1349 2248 1448 2277 non
1477 2231 1780 2278 deteriorem

306 2341 635 2388 Macedonica
664 2342 887 2386 inveniri.
953 2342 1039 2402 pix
1071 2341 1262 2401 optima
1292 2338 1476 2401 ubique
1510 2355 1571 2384 ex
1603 2341 1778 2401 apricis

777 2488 787 2510 ¹
821 2491 957 2525 totam
980 2485 1073 2524 add.
1094 2485 1319 2524 Rackham.

301 2580 390 2621 424
