1909 2998
214 776 263 815 18

217 1623 266 1661 19

546 182 790 228 PLINY:
855 180 1184 227 NATURAL
1229 179 1527 227 HISTORY

293 316 455 356 stacte
472 309 757 365 dumtaxat,
769 309 953 372 alioqui
971 311 1176 354 nimiam
1193 308 1580 355 amaritudinem
1593 308 1773 356 adfert.

294 390 500 450 cyprino
554 386 710 432 viride
762 386 836 442 fit,
886 389 1053 432 susino
1103 387 1457 448 unguinosum,
1511 385 1777 433 Mendesio

295 465 508 526 nigrum,
531 462 742 509 rhodino
764 462 1052 518 candidum,
1075 478 1243 508 murra
1264 461 1522 526 pallidum.

360 539 499 586 Haec
523 547 639 586 sunt
663 542 902 602 antiquae
925 541 1226 585 inventionis
1249 554 1439 602 genera
1461 545 1515 585 et
1536 546 1740 602 postera
1759 539 1777 569 1

293 615 598 661 officinarum
634 614 783 662 furta.
853 632 984 662 nunc
1019 615 1217 662 dicetur
1252 613 1478 661 cumulus
1514 617 1620 679 ipse
1656 615 1778 663 deli-

293 695 481 739 ciarum
506 701 559 739 et
582 709 777 739 summa
801 694 1072 739 auctoritas
1095 694 1183 738 rei.

361 769 496 833 Ergo
553 769 724 832 regale
784 776 1101 832 unguentum
1156 759 1487 833 appellatum,
1543 772 1779 832 quoniam

296 844 593 892 Parthorum
640 847 841 909 regibus
885 849 957 892 ita
999 852 1332 909 temperatur,
1374 852 1574 891 constat
1616 863 1780 909 myro-

294 923 492 978 balano,
515 931 673 978 costo,
699 940 913 979 amomo,
937 925 1168 969 cinnamo
1191 939 1412 977 comaco,
1443 921 1779 980 cardamomo,

296 999 472 1046 nardi2
513 1003 666 1064 spica,
708 1017 863 1056 maro,
905 1016 1089 1054 murra,
1127 1001 1276 1054 casia,
1321 1006 1538 1062 styrace,
1580 999 1779 1056 ladano,

295 1077 632 1140 opobalsamo,
698 1077 890 1123 calamo
956 1079 1203 1138 iuncoque
1271 1075 1441 1139 Syriis,
1508 1075 1780 1133 oenanthe,

296 1153 626 1210 malobathro,
685 1152 951 1210 serichato,
999 1169 1169 1216 cypro,
1232 1151 1510 1216 aspalatho,
1569 1170 1780 1217 panace,

295 1248 455 1287 croco,
490 1234 678 1295 cypiro,
716 1248 963 1287 amaraco,
998 1230 1120 1286 loto,
1156 1230 1324 1286 melle,
1359 1232 1489 1276 vino.
1557 1229 1779 1294 nihilque

297 1311 402 1354 eius
434 1311 507 1355 rei
538 1325 687 1354 causa
720 1311 770 1353 in
805 1308 954 1354 Italia
985 1310 1190 1354 victrice
1224 1310 1464 1362 omnium,
1495 1309 1547 1353 in
1579 1307 1782 1371 Europa

297 1402 413 1431 vero
437 1392 547 1432 tota
571 1392 775 1449 praeter
799 1388 910 1430 irim
938 1384 1189 1447 Illyricam
1215 1391 1269 1431 et
1293 1383 1507 1430 nardum
1533 1384 1781 1430 Gallicum

296 1465 546 1524 gignitur:
587 1479 703 1507 nam
725 1465 896 1508 vinum
919 1469 971 1508 et
992 1478 1103 1507 rosa
1125 1468 1178 1507 et
1199 1463 1353 1524 myrti
1374 1459 1493 1507 folia
1513 1460 1780 1524 oleumque

295 1542 579 1584 communia
602 1538 708 1585 fere
734 1541 957 1584 omnium
981 1546 1229 1585 terrarum
1253 1537 1629 1600 intellegantur.

366 1615 460 1660 ΙΙΙ.
498 1615 648 1662 Siccis
707 1615 939 1662 odoribus
997 1621 1231 1661 constant
1283 1631 1412 1677 quae
1467 1613 1782 1679 diapasmata

297 1700 563 1746 vocantur3
606 1710 722 1738 nam
754 1691 951 1738 faecem
987 1694 1235 1755 unguenti
1269 1707 1472 1754 magma
1507 1690 1779 1755 appellant.

297 1772 430 1815 inter
469 1772 627 1815 omnis
666 1771 1046 1832 potentissimus
1087 1768 1209 1814 odor
1249 1770 1471 1830 quisquis
1517 1770 1781 1814 novissime

298 1845 513 1891 additur.
585 1853 847 1909 unguenta
882 1848 1074 1909 optime
1116 1851 1379 1891 servantur
1415 1847 1467 1890 in
1502 1843 1781 1900 alabastris,

298 1922 474 1969 odores
499 1925 549 1967 in
574 1922 701 1978 oleo,
728 1922 862 1985 quod
887 1922 1210 1976 diuturnitati
1244 1938 1417 1968 eorum
1441 1928 1586 1967 tanto
1612 1920 1781 1967 utilius

299 2007 376 2045 est
403 2007 592 2061 quanto
619 2002 872 2063 pinguius,
898 2006 955 2045 ut
981 2016 1043 2045 ex
1070 1997 1376 2061 amygdalis;
1415 2004 1468 2044 et
1491 2000 1600 2061 ipsa
1623 2014 1782 2060 ungu-

300 2083 419 2121 enta
442 2084 699 2122 vetustate
725 2076 946 2122 meliora.
1003 2075 1076 2122 sol
1100 2078 1328 2121 inimicus
1352 2077 1428 2130 iis,
1454 2074 1780 2137 quamobrem

299 2154 349 2197 in
375 2153 550 2198 umbra
573 2153 856 2199 conduntur
872 2151 892 2180 3
910 2151 1159 2215 plumbeis
1184 2154 1327 2197 vasis.
1377 2153 1781 2214 experimentum

482 2258 497 2282 ¹
527 2261 729 2308 postera?
762 2257 959 2308 Illayhoff
973 2272 981 2296 :
1013 2261 1158 2308 poster
1176 2261 1250 2295 aut
1270 2260 1434 2307 postea.

483 2312 499 2334 ²
532 2311 824 2357 cardamomo,
845 2311 1022 2359 <iride‚>
1044 2309 1202 2350 nardi?
1240 2309 1538 2359 Warminqton.

482 2364 499 2387 ³
529 2365 663 2404 fidet:
696 2369 953 2415 coquuntur.

358 2478 375 2495 ⁰
405 2471 485 2510 Iris
520 2484 658 2511 seems
694 2476 742 2511 to
777 2470 890 2511 have
923 2469 1056 2509 fallen
1090 2474 1169 2509 out
1202 2469 1247 2508 of
1284 2468 1359 2509 the
1393 2469 1466 2508 list
1501 2470 1547 2508 in
1582 2468 1658 2509 the
1696 2470 1780 2509 last

306 2530 522 2564 sentence.

305 2582 389 2626 108
