1909 2998
237 1293 287 1331 87

573 193 818 240 PLINY:
882 192 1212 240 NATURAL
1256 192 1552 240 HISTORY

320 321 410 369 sed
456 328 630 368 tamen
678 324 811 367 inter
858 324 972 366 vina
1021 323 1248 383 operaria
1295 328 1637 369 numerantur.
1703 325 1801 369 tria

321 445 493 476 eorum
529 444 747 493 genera:
802 428 1016 475 decuma
1052 435 1199 490 parte
1237 444 1400 491 aquae
1437 429 1612 476 addita
1650 446 1800 492 quam

320 552 450 599 quae
482 539 634 582 musti
669 551 905 598 expressa
937 539 1019 591 sit,
1054 542 1106 581 et
1138 538 1211 581 ita
1243 542 1393 582 nocte
1426 552 1484 582 ae
1516 536 1598 583 die
1630 536 1802 583 made-

319 643 465 690 factis
505 645 721 689 vinaceis
760 657 1029 705 rursusque
1069 641 1207 705 prelo
1247 642 1511 698 subiectis3
1569 643 1801 700 alterum,

321 750 571 814 quomodo
605 749 785 796 Graeci
817 749 1132 806 factitavere,
1164 752 1318 796 tertia
1350 756 1495 812 parte
1530 753 1634 797 eius
1668 750 1800 814 quod

323 874 613 919 expressum
642 860 707 903 sit
737 857 909 903 addita
941 872 1102 919 aquae
1134 872 1471 920 expressoque
1499 856 1709 904 decocto
1737 857 1801 904 ad

320 969 497 1011 tertias
525 971 724 1027 partes3
768 967 978 1010 tertium
1008 971 1085 1010 est
1113 963 1336 1010 faecibus
1365 967 1464 1010 vini
1494 980 1801 1027 expressum,

321 1071 455 1134 quod
489 1071 745 1117 faecatum
783 1069 911 1117 Cato
948 1069 1199 1134 appellat:
1254 1070 1442 1117 nullum
1482 1087 1544 1117 ex
1580 1069 1655 1117 his
1691 1071 1800 1134 plus

320 1194 471 1241 quam
495 1182 646 1224 annui
669 1195 801 1225 usuS.

384 1284 531 1334 XIII.
566 1285 753 1332 Verum
790 1287 922 1332 inter
956 1283 1082 1332 haee
1119 1284 1253 1331 subit
1290 1291 1534 1341 mentem,
1559 1302 1671 1332 cum
1701 1289 1799 1333 sint

319 1409 508 1456 genera
554 1391 740 1439 nobilia
787 1409 917 1455 quae
958 1395 1157 1455 proprie
1197 1395 1296 1439 vini
1343 1391 1571 1456 intellegi
1609 1396 1799 1455 possint.

320 1515 440 1545 Lxxx
476 1500 581 1546 fere
618 1503 669 1545 in
700 1507 812 1546 toto
844 1500 983 1555 orbe,
1016 1499 1139 1546 duas
1172 1506 1343 1562 partes
1379 1516 1441 1546 ex
1473 1498 1566 1547 hoc
1592 1516 1800 1547 numero

321 1607 498 1654 Italiae
535 1624 660 1663 esse,
695 1607 843 1670 longe
877 1607 1182 1670 proptereal
1217 1614 1337 1654 ante
1372 1615 1578 1654 cunetas
1611 1614 1799 1663 terras3

320 1722 372 1762 et
408 1714 521 1761 hine
558 1715 741 1761 deinde
779 1715 926 1761 altius
964 1731 1082 1761 eura
1119 1719 1292 1776 serpit,
1329 1731 1429 1760 non
1467 1731 1495 1760 a
1531 1714 1800 1777 primordio

316 1820 445 1868 hanc
489 1826 705 1885 gratiam
751 1821 919 1877 fuisse,
967 1824 1322 1868 auctoritatem
1371 1828 1484 1883 post
1544 1836 1606 1867 Dc
1664 1821 1798 1868 urbis

237 1937 288 1974 88
317 1945 503 1975 annum
549 1932 787 1990 coepisse.
855 1927 991 1974 XIV.
1028 1927 1295 1974 Romulum
1340 1927 1491 1983 lacte,
1528 1943 1627 1974 non
1669 1931 1798 1982 vino,

318 2035 497 2082 libasse
524 2036 705 2082 indicio
731 2043 848 2082 sunt
880 2052 1019 2082 sacra
1046 2035 1110 2081 ab
1137 2051 1197 2081 eo
1223 2038 1457 2081 instituta
1493 2051 1623 2098 quae
1649 2033 1798 2082 hodie

317 2142 605 2190 custodiunt
635 2158 841 2188 morem.
911 2141 1108 2188 Numae
1135 2145 1266 2205 regis
1297 2141 1553 2188 Postumia
1581 2141 1662 2188 lex
1693 2149 1797 2189 est:

327 2250 443 2296 Vino
467 2266 625 2313 rogum
650 2265 706 2296 ne
728 2249 998 2313 respargito,
1026 2249 1160 2311 quod
1182 2252 1406 2295 sanxisse
1430 2247 1567 2295 illum
1593 2257 1798 2311 propter

319 2360 538 2419 inopiam
565 2360 637 2403 rei
664 2372 813 2403 nemo
840 2356 1057 2403 dubitet.
1125 2356 1305 2402 eadem
1333 2355 1446 2420 lege
1475 2372 1537 2401 ex
1565 2358 1795 2418 inputata

795 2505 809 2528 ยน
847 2503 924 2543 VJ.
946 2507 1167 2554 praeterea
1188 2503 1325 2555 longe.

325 2617 411 2658 244
