1909 2998
586 201 830 247 PLINY:
894 198 1223 246 NATURAL
1267 197 1564 244 HISTORY

334 347 441 376 rara
463 327 886 391 gloria—quando
907 333 959 372 et
979 325 1102 372 haec
1123 342 1200 371 ars
1220 328 1318 371 suis
1338 324 1530 387 legibus
1549 330 1811 371 constat—-

334 437 430 464 non
454 419 648 464 labasse
671 433 918 470 sermone,
941 432 1040 462 non
1062 415 1285 462 levatum
1307 417 1578 460 vomitione
1601 430 1693 461 nec
1715 413 1811 460 alia

334 513 548 571 corporis
582 514 728 569 parte
762 507 882 553 dum
914 506 1130 560 biberet,
1162 507 1439 551 matutinas
1473 504 1634 550 obisse
1666 507 1772 551 sine
1791 499 1812 532 1

335 602 512 645 iniuria
527 597 738 661 vigilias,
752 597 1021 658 plurimum
1035 595 1258 641 hausisse
1274 611 1371 640 uno
1386 601 1527 656 potu,
1541 593 1811 656 plurimum

336 696 599 751 praeterea
630 687 735 733 aliis
766 686 1037 732 minoribus
1069 685 1335 739 addidisse,
1366 687 1555 746 optima
1587 683 1684 730 fide
1714 700 1814 731 non

336 783 603 841 respirasse
632 781 685 824 in
714 776 990 823 hauriendo
1021 792 1186 838 neque
1219 777 1467 836 expuisse,
1498 772 1718 836 nihilque
1749 774 1814 821 ad

336 869 624 915 elidendum
659 872 710 914 in
745 869 1045 929 pavimentis
1082 882 1257 912 sonum
1295 881 1358 911 ex
1393 867 1506 910 vino
1542 863 1814 926 reliquisse,

237 967 313 1005 147
337 959 566 1021 diligenti
597 961 721 1005 scito
753 957 922 1020 legum
954 962 1128 1003 contra
1159 954 1365 1001 bibendi
1395 953 1632 1000 fallacias.
1698 954 1816 1001 Ter-

335 1049 454 1112 gilla
489 1049 781 1095 Ciceronem
825 1046 898 1092 M.
936 1044 971 1092 f.
1018 1046 1160 1091 binos
1196 1047 1397 1107 congios
1438 1043 1584 1090 simul
1618 1043 1815 1092 haurire

338 1139 538 1185 solitum
567 1141 659 1201 ipsi
687 1138 858 1192 obicit,
889 1136 1163 1198 Marcoque
1192 1135 1449 1197 Agrippae
1478 1151 1507 1179 a
1533 1134 1816 1181 temulento

336 1228 579 1292 scyphum
627 1231 912 1290 inpactum:
980 1229 1169 1273 etenim
1217 1224 1342 1271 haec
1391 1231 1507 1271 sunt
1557 1224 1815 1272 ebrietatis

337 1337 505 1381 opera.
572 1318 662 1365 sed
704 1320 938 1364 nimirum
979 1315 1108 1362 hanc
1151 1315 1362 1378 gloriam
1405 1313 1602 1360 auferre
1645 1314 1817 1361 Cicero

240 1417 315 1455 148
340 1410 493 1455 voluit
530 1408 842 1455 interfectori
878 1410 1035 1469 patris
1073 1409 1148 1452 suj
1189 1404 1262 1450 M.
1302 1405 1551 1459 Antoni03
1606 1407 1645 1451 is
1684 1408 1817 1451 enim

338 1508 456 1546 ante
501 1517 615 1545 eum
659 1498 940 1544 avidissime
983 1494 1388 1558 adprehenderat
1429 1493 1557 1541 hanc
1598 1494 1817 1556 palmam

340 1591 476 1637 edito
513 1593 669 1636 etiam
705 1588 954 1634 volumine
991 1586 1056 1632 de
1091 1602 1180 1633 sua
1217 1585 1484 1640 ebrietate,
1520 1601 1618 1647 quo
1652 1592 1819 1647 patro-

338 1684 491 1727 cinari
520 1680 612 1725 sibi
642 1696 788 1725 ausus
820 1677 1115 1739 adprobavit
1143 1675 1311 1738 plane,
1340 1682 1397 1721 ut
1429 1674 1663 1737 equidem
1692 1675 1819 1721 arbi-

339 1778 459 1825 tror,
501 1776 691 1832 quanta
731 1768 864 1814 mala
904 1784 995 1829 per
1033 1765 1387 1813 temulentiam
1426 1772 1674 1811 terrarum
1713 1765 1819 1812 orbi

341 1860 606 1906 intulisset.
675 1862 857 1921 exiguo
884 1865 1114 1918 tempore
1140 1863 1259 1902 ante
1285 1854 1529 1918 proelium
1555 1855 1819 1902 Actiacum

340 1950 390 1995 id
428 1949 660 1995 volumen
698 1951 936 2002 evomuit,
975 1963 1073 2009 quo
1109 1945 1257 1992 facile
1293 1944 1620 2008 intellegatur
1656 1945 1819 1993 ebrius

339 2044 440 2086 iam
482 2041 725 2102 sanguine
767 2040 947 2084 civium
990 2044 1043 2083 et
1083 2043 1229 2083 tanto
1271 2039 1431 2098 magis
1475 2052 1589 2082 eum
1631 2038 1818 2082 sitiens.

341 2145 559 2191 namque
595 2136 648 2175 et
681 2127 806 2174 haec
841 2130 1112 2174 necessitas
1148 2129 1324 2172 vitium
1357 2128 1627 2171 comitatur
1659 2132 1716 2171 ut
1749 2125 1822 2171 bi-

342 2219 493 2265 bendi
524 2217 834 2265 consuetudo
867 2223 1053 2279 augeat
1086 2216 1399 2270 aviditatem,
1431 2218 1711 2278 scitumque
1744 2222 1820 2261 est

343 2308 641 2371 Scytharum
672 2308 846 2369 legati,
877 2314 1066 2369 quanto
1097 2305 1206 2368 plus
1237 2305 1456 2351 biberint
1487 2311 1630 2350 tanto
1662 2308 1820 2367 magis

343 2403 479 2444 sitire
507 2397 730 2443 Parthos,

831 2492 846 2517 ¹
878 2493 965 2530 sine
986 2491 1079 2531 add.
1102 2491 1322 2543 Detlessen.

350 2580 434 2623 282
