1909 2998
221 904 272 941 63

221 1747 274 1785 64

223 2215 274 2253 65

559 207 804 253 PLINY:
867 206 1198 254 NATURAL
1243 206 1540 254 HISTORY

304 334 530 398 impleat,
559 334 690 381 colos
721 334 900 390 fulvus,
930 333 1318 380 commendabili
1349 351 1465 380 suco
1495 352 1558 381 ex
1589 341 1789 382 austero

305 428 451 474 dulci.
519 428 710 492 lignum
746 430 880 474 intus
916 427 1107 491 grande
1145 427 1419 490 firmaeque
1456 428 1690 484 duritiae,
1727 446 1788 475 ex

306 539 404 583 quo
440 522 630 568 velares
666 521 940 567 detornant
977 521 1178 576 anulos3
1215 524 1265 566 in
1303 537 1362 567 eo
1399 521 1606 568 nucleus
1631 521 1788 568 dulcis

305 615 424 661 dum
461 632 634 661 recens
673 622 777 661 est:
833 618 1047 661 siccatus
1086 614 1306 661 durescit
1344 615 1408 660 ad
1445 614 1695 661 infinitum
1732 623 1790 662 ut

304 709 475 755 mandi
495 726 594 755 non
618 712 775 772 possit
800 712 893 755 nisi
914 712 979 755 sit
1000 708 1018 737 1
1037 708 1262 772 pluribus
1287 708 1464 754 diebus
1489 715 1787 756 maceratus.

304 806 541 849 materies
551 805 797 867 crispioris
813 802 1098 865 elegantiae
1116 809 1168 848 et
1180 802 1243 848 ob
1255 802 1305 848 id
1317 800 1478 848 Persis
1489 805 1788 865 gratissima.

304 895 445 943 XIX.
485 895 590 942 Nec
624 899 786 942 minus
826 899 969 960 spina
1005 896 1290 942 celebratur
1328 898 1379 941 in
1417 895 1597 942 eadem
1634 903 1790 959 gente

305 990 573 1036 dumtaxat
605 993 764 1053 nigra,
795 993 1032 1052 quoniam
1066 992 1354 1053 incorrupta
1389 992 1545 1036 etiam
1574 992 1625 1035 in
1649 993 1790 1052 aquis

305 1084 471 1139 durat,
510 1085 573 1130 ob
613 1083 665 1129 id
700 1083 965 1129 utilissima
997 1086 1199 1129 navium
1229 1086 1408 1138 costis3
1449 1083 1512 1129 e2
1540 1082 1790 1129 candida³

305 1176 450 1223 facile
469 1184 783 1241 putrescunt.
855 1177 1015 1223 aculei
1032 1180 1287 1240 spinarum
1308 1184 1361 1223 et
1380 1180 1431 1222 in
1451 1175 1598 1232 foliis,
1618 1193 1792 1223 semen

306 1274 356 1316 in
392 1271 580 1333 siliquis
614 1288 712 1334 quo
750 1274 884 1317 coria
918 1271 1187 1334 perficiunt
1222 1270 1386 1334 gallae
1425 1273 1548 1317 vice.
1617 1269 1706 1317 flos
1739 1278 1792 1317 et

305 1367 496 1410 coronis
534 1364 777 1411 iucundus
813 1372 866 1410 et
897 1365 1282 1411 medicamentis
1319 1364 1482 1419 utilis3
1531 1371 1705 1410 manat
1739 1371 1792 1410 et

304 1461 512 1505 cummis
531 1475 593 1504 ex
610 1476 685 1505 ea.
741 1458 830 1504 sed
848 1462 1120 1523 praecipua
1140 1458 1330 1504 utilitas
1352 1458 1485 1520 quod
1500 1474 1646 1504 caesa
1662 1474 1792 1504 anno

305 1555 459 1598 tertio
491 1555 723 1615 resurgit.
792 1555 923 1598 circa
959 1551 1157 1598 Thebas
1196 1550 1339 1607 haec,
1377 1552 1463 1597 ubi
1496 1559 1549 1598 et
1582 1567 1791 1614 quercus

306 1654 358 1692 et
392 1662 571 1709 persea
606 1653 659 1692 et
695 1646 840 1701 oliva,
865 1660 949 1691 ccc
975 1662 1004 1691 a
1032 1645 1144 1691 Nilo
1170 1645 1343 1692 stadiis
1378 1645 1591 1692 silvestri
1627 1651 1791 1692 tractu

310 1747 363 1786 et
397 1743 495 1786 suis
519 1738 741 1785 fontibus
765 1743 921 1802 riguo.
994 1739 1071 1785 Ibi
1094 1746 1148 1786 et
1182 1755 1370 1803 prunus
1395 1739 1670 1803 Aegyptia,
1693 1755 1791 1784 non

306 1833 554 1879 dissimilis
576 1837 748 1897 spinae
768 1836 997 1897 proxime
1019 1832 1206 1889 dictae,
1225 1849 1376 1896 pomo
1397 1832 1609 1896 mespili,
1630 1839 1792 1878 matu-

306 1944 504 1973 rescens
528 1928 706 1972 bruma
730 1944 823 1973 nec
848 1926 967 1972 folia
991 1926 1284 1973 demittens.
1353 1925 1543 1988 lignum
1569 1929 1619 1971 in
1642 1942 1791 1989 pomo

307 2020 515 2083 grande,
548 2020 637 2067 sed
669 2037 847 2084 corpus
880 2023 1044 2084 ipsum
1077 2027 1258 2066 natura
1292 2026 1345 2066 et
1377 2022 1522 2083 copia
1554 2022 1791 2066 messium

307 2118 463 2160 instar
499 2114 697 2168 incolis3
749 2120 1023 2177 purgatum
1060 2117 1194 2160 enim
1231 2113 1452 2160 tundunt
1488 2120 1790 2175 servantque

308 2210 413 2254 eius
456 2207 591 2254 offas.
660 2207 897 2253 silvestris
940 2207 1036 2254 fuit
1078 2214 1131 2253 et
1172 2210 1303 2253 circa
1348 2205 1612 2271 Memphin
1653 2209 1791 2269 regio

308 2308 413 2347 tam
430 2304 581 2348 vastis
599 2302 855 2347 arboribus
873 2308 929 2346 ut
946 2303 1076 2346 terni
1094 2317 1192 2346 non
1210 2302 1411 2363 quirent
1435 2299 1791 2364 circumplecti,

674 2423 689 2446 1
721 2420 940 2471 Mayhoff:
971 2421 1052 2459 nisi
1072 2421 1120 2460 si.

672 2475 687 2498 ²
716 2488 738 2513 e
757 2474 885 2514 add.?
918 2473 1122 2525 Mayhoff.

670 2529 685 2552 ³
724 2528 755 2568 V
760 2528 800 2568 .l.
822 2528 1002 2568 candide
1022 2527 1127 2579 (edd.
1152 2526 1390 2577 candidae).

311 2606 396 2665 136
