1909 2998
249 1015 298 1052 75

247 1692 298 1731 76

587 201 832 247 PLINY:
895 200 1225 247 NATURAL
1270 200 1565 247 HISTORY

334 345 455 376 suae
484 336 697 375 naturae
725 344 864 374 mare
892 330 1052 390 sapit3
1099 344 1191 375 nec
1219 327 1421 374 Tmoliti
1450 344 1541 391 per
1568 345 1622 376 se
1650 333 1813 393 gratia

333 433 390 473 ut
422 428 552 481 vino,
583 425 673 472 sed
704 428 842 471 cuius
877 424 1008 471 dulci
1040 424 1265 471 admixto
1297 424 1599 488 reliquorum
1630 426 1814 473 duritia

332 526 635 569 suavitatem
689 524 920 583 accipiat,
973 521 1119 567 simul
1174 528 1227 568 et
1282 528 1525 577 aetatem,
1579 525 1813 584 quoniam

333 621 608 666 vetustiora
650 621 876 681 protinus
922 617 1169 664 videntur.
1239 618 1303 664 ab
1346 616 1422 664 his
1465 618 1692 682 dignatio
1737 627 1813 667 est

331 715 578 779 Sicyonio,
632 715 832 778 Cyprio,
886 714 1181 770 Telmesico,
1234 714 1539 777 Tripolitico,
1592 715 1814 779 Berytio,

331 813 498 876 Tyrio,
524 811 878 875 Sebennytico.
945 815 997 858 in
1023 811 1263 874 Aegypto
1289 810 1382 858 hoc
1409 815 1629 859 nascitur
1653 813 1812 860 tribus

330 909 597 973 generibus
642 925 850 954 uvarum
897 908 964 954 ibi
1016 907 1301 964 nobilibus,1
1347 907 1547 964 Thasio,
1593 907 1813 966 aethalo,

331 1022 504 1069 peuce.
548 1012 662 1068 post
680 1004 804 1051 haec
821 1007 1092 1051 auctoritas
1109 1004 1557 1067 Hippodamantio,
1576 1005 1813 1070 MysticO,

329 1102 663 1158 cantharitae,
725 1109 963 1164 protropo
1030 1101 1224 1157 Cnidio,
1289 1101 1813 1159 Catacecaumenitae,

331 1200 573 1255 Petritae,
609 1199 862 1262 Myconio.
930 1215 1048 1244 nam
1085 1198 1377 1262 Mesogiten
1407 1201 1585 1262 capitis
1619 1199 1811 1247 dolores

329 1297 496 1344 facere
533 1303 830 1359 conpertum
871 1303 965 1351 est,
1004 1312 1097 1342 nec
1137 1294 1411 1358 Ephesium
1449 1295 1647 1343 salubre
1687 1313 1811 1352 esse,

330 1396 566 1456 quoniam
615 1396 741 1438 mari
792 1400 845 1439 et
895 1392 1097 1439 defruto
1147 1392 1424 1439 condiatur.
1492 1392 1811 1455 Apamenum

330 1490 489 1537 mulso
527 1493 796 1552 praecipue
835 1492 1101 1536 convenire
1136 1489 1336 1545 dicitur,
1368 1492 1496 1536 sicut
1530 1488 1812 1536 Praetutia-

330 1605 449 1633 num
465 1587 485 1616 2
511 1591 561 1633 in
583 1586 863 1633 Italia—est
882 1588 1016 1633 enim
1035 1593 1087 1632 et
1104 1584 1229 1632 haec
1245 1589 1525 1648 proprietas
1540 1601 1809 1649 generum3

330 1684 493 1730 dulcia
508 1686 682 1746 utique
699 1685 832 1729 inter
847 1698 900 1729 se
915 1698 1015 1729 non
1033 1689 1332 1746 congruunt.
1398 1682 1614 1730 exolevit
1632 1690 1685 1729 et
1699 1699 1810 1746 pro-

328 1784 518 1844 tagion,
549 1779 683 1842 quod
714 1778 901 1826 Italicis
931 1782 1214 1841 proximum
1244 1778 1470 1826 fecerant
1500 1778 1809 1842 Asclepiadis

327 1876 541 1924 scholae.
609 1875 939 1938 Apollodorus
1001 1875 1224 1921 medicus
1286 1878 1338 1921 in
1400 1875 1648 1922 volumine
1710 1893 1808 1939 quo

327 1977 482 2020 suasit
532 1972 824 2019 Ptolemaeo
874 1975 980 2036 regi
1032 1988 1162 2034 quae
1212 1975 1326 2018 vina
1374 1972 1572 2019 biberet
1623 1972 1807 2020 Italicis

328 2074 483 2117 etiam
513 2077 622 2116 tum
653 2071 836 2132 ignotis
866 2068 1092 2115 laudavit
1122 2071 1172 2114 in
1204 2068 1364 2115 Ponto
1396 2068 1807 2131 Nasperceniten,

326 2184 442 2214 mox
472 2167 748 2221 Oreticum,
777 2165 1064 2221 Oeneaten‚
1095 2165 1421 2221 Leucadium,
1449 2165 1805 2213 Ambracioten

327 2271 379 2311 et
412 2264 546 2326 quod
577 2266 768 2309 cunctis
800 2262 1044 2324 praetulit
1078 2261 1453 2324 Peparethium,
1485 2262 1575 2309 sed
1606 2266 1805 2312 minoris

325 2359 491 2405 famae
510 2376 616 2405 esse
635 2359 762 2405 dixit
782 2361 1018 2421 quoniam
1037 2365 1157 2404 ante
1173 2375 1261 2404 sex
1280 2375 1433 2405 annos
1451 2375 1550 2405 non
1565 2358 1802 2422 placeret.

474 2478 488 2501 1
518 2475 764 2514 nobilibus?
797 2475 848 2513 M
850 2474 994 2525 athff
1009 2490 1018 2514 ε
1049 2474 1202 2513 nobilis
1222 2474 1514 2523 (nobilissimis
1533 2475 1655 2525 αἰῶ).

471 2531 486 2553 2
515 2529 726 2568 Rasclcham
745 2529 836 2569 coll.
858 2529 909 2568 67
929 2539 939 2568 2
970 2528 1276 2568 Praetuitium.

323 2586 411 2646 236
