1940 2998
588 218 831 264 PLINY:
896 218 1225 264 NATURAL
1271 217 1567 264 HISTORY

352 349 421 392 sic
477 353 809 409 praeparatae
869 346 1059 408 aliquot
1115 353 1230 408 post
1288 363 1442 392 annos
1510 346 1657 392 utiles
1720 363 1829 393 esse

248 428 318 466 171
348 423 672 485 incipiebant,
721 430 840 468 tunc
896 440 1095 485 quoque
1149 422 1307 468 multa
1356 423 1642 469 domandae
1691 439 1831 469 exer-

353 502 592 545 citatione
642 506 694 545 ct
741 516 921 545 canere
970 500 1126 545 tibiae
1174 502 1312 561 ipsae
1357 499 1665 555 edocendae,
1700 516 1831 545 corn-

350 576 682 638 primentibus
722 592 775 622 se
814 575 1030 638 lingulis,
1070 575 1203 638 quod
1243 582 1351 622 erat
1389 575 1481 621 illis
1520 575 1830 622 theatrorum

352 652 569 698 moribus
637 652 820 698 utilius.
887 660 1156 715 postquam
1224 655 1438 698 varietas
1505 656 1714 699 accessit
1780 660 1832 699 et

351 736 527 775 cantus
551 746 749 792 quoque
772 729 983 784 luxuria,
1005 729 1148 775 caedi
1171 735 1289 775 ante
1311 728 1525 775 solstitia
1545 735 1758 792 coeptae
1780 736 1832 775 et

353 805 458 851 fieri
498 806 645 852 utiles
684 809 734 851 in
773 809 998 861 trimatu,
1039 806 1370 869 apertioribus
1425 822 1596 852 earum
1635 805 1832 869 lingulis

246 887 323 926 172
348 882 412 928 ad
446 881 721 928 flectendos
756 899 918 938 sonos,
955 899 1083 945 quae
1118 882 1235 928 inde
1271 889 1388 929 sunt
1423 889 1476 928 et
1509 880 1675 928 hodie.
1743 882 1832 929 sed

248 1578 322 1617 173

351 966 461 1005 tum
497 975 559 1005 ex
595 976 682 1005 sua
719 975 970 1021 quamque
1006 966 1206 1005 tantum
1241 958 1521 1005 harundine
1556 975 1831 1022 congruere

350 1051 643 1099 persuasum
679 1043 803 1091 erat,
839 1043 892 1082 et
927 1052 1039 1081 eam
1073 1052 1203 1098 quae
1236 1035 1460 1081 radicem
1493 1042 1834 1082 antecesserat

352 1112 523 1158 laevae
572 1113 727 1158 tibiae
775 1115 1058 1168 convenire,
1108 1129 1236 1175 quae
1285 1128 1526 1159 cacumen
1574 1112 1834 1168 dexterae,

352 1192 632 1235 inmensum
692 1196 936 1251 quantum
981 1189 1219 1253 praelatis
1269 1206 1390 1251 quas
1437 1192 1544 1252 ipse
1593 1188 1834 1253 Cephisus

353 1265 606 1312 abluisset.
675 1283 805 1312 nunc
826 1266 1077 1312 sacrificae
1098 1266 1371 1312 Tuscorum
1393 1282 1419 1312 e
1440 1266 1593 1322 buxo,
1613 1265 1833 1312 ludicrae

353 1359 469 1389 vero
517 1360 544 1388 e
592 1342 695 1388 loto
743 1343 1033 1406 ossibusque
1082 1345 1282 1388 asininis
1331 1349 1384 1388 et
1431 1349 1642 1405 argento
1691 1342 1832 1389 fiunt.

354 1422 677 1482 aucupatoria
733 1418 960 1466 harundo
1017 1436 1044 1466 e
1065 1419 1083 1449 1
1141 1417 1421 1465 Panhormo
1477 1418 1834 1475 laudatissima,

351 1499 619 1559 piscatoria
644 1496 923 1542 Abaritana
947 1513 1009 1542 ex
1035 1495 1220 1543 Africa.

412 1572 618 1619 LXVII.
659 1573 964 1619 Harundinis
988 1572 1164 1619 Italiae
1187 1589 1302 1618 usus
1324 1572 1388 1618 ad
1404 1575 1572 1619 vineas
1598 1575 1831 1619 maxime.

354 1649 480 1695 Cato
514 1653 610 1695 seri
641 1666 753 1695 eam
784 1650 925 1696 iubet
959 1653 1009 1695 in
1041 1649 1220 1696 umidis
1252 1653 1382 1712 agris
1412 1648 1598 1711 bipalio
1627 1649 1834 1695 subacto

352 1729 486 1789 prius
547 1726 667 1781 solo,
728 1726 878 1772 oculis
940 1726 1191 1789 dispositis
1258 1725 1518 1772 intervallo
1577 1733 1833 1772 ternorum

351 1803 556 1866 pedum,
581 1803 725 1848 simul
752 1810 804 1849 et
828 1803 1109 1859 corrudae,2
1138 1802 1271 1849 unde
1298 1805 1528 1866 asparagi
1554 1802 1693 1858 fiant,
1718 1819 1834 1848 con-

353 1880 557 1925 cordare
617 1883 905 1935 amicitiam,
951 1879 1112 1926 salicis
1171 1896 1287 1926 vero
1330 1882 1488 1934 circa3
1546 1895 1646 1941 qua
1702 1878 1835 1925 nulla

355 1959 697 2019 aquaticarum
730 1956 913 2012 utilior,
946 1957 1065 2002 licet
1096 1956 1267 2019 populi
1301 1956 1483 2002 vitibus
1514 1955 1749 2019 placeant
1783 1963 1834 2002 et

355 2032 585 2078 Caecuba
610 2032 844 2088 educent,
868 2033 987 2079 licet
1012 2032 1108 2078 alni
1133 2033 1366 2096 saepibus
1390 2035 1618 2078 muniant
1640 2039 1834 2079 contra-

817 2144 832 2167 1
866 2142 1084 2193 Mayhoffz
1116 2157 1155 2182 a.

814 2197 829 2220 ²
860 2196 1056 2247 Illayhoff
1070 2211 1079 2235 ι
1112 2196 1352 2235 corrudam.

408 2373 427 2392 ⁰
456 2369 492 2407 A
514 2369 648 2408 treble
670 2369 774 2408 fiute
796 2382 881 2408 was
903 2368 1000 2407 held
1023 2369 1066 2408 in
1087 2369 1161 2408 the
1183 2368 1296 2420 right
1318 2368 1434 2408 hand
1456 2368 1542 2407 and
1564 2382 1587 2407 a
1611 2367 1708 2407 base
1729 2367 1834 2407 flute

351 2422 394 2461 in
414 2422 486 2461 the
507 2422 597 2468 left,
620 2422 725 2461 both
746 2422 869 2473 being
889 2422 1045 2473 played
1065 2427 1111 2461 at
1130 2435 1248 2462 once.

410 2475 424 2499 ὁ
454 2474 575 2513 Oculi
595 2476 669 2514 the
692 2480 701 2495 ⁶
717 2488 816 2526 eyes
833 2476 840 2490 ’
859 2488 905 2513 or
921 2475 1057 2514 knobs
1074 2488 1128 2514 on
1145 2476 1218 2514 the
1238 2478 1368 2522 roots,
1390 2474 1475 2514 and
1491 2486 1537 2513 so
1553 2475 1626 2513 the
1648 2474 1834 2524 cuttings

355 2528 458 2568 used
478 2528 544 2567 for
563 2529 770 2580 planting,
793 2527 845 2578 cf.
869 2528 1010 2567 XVII.
1037 2530 1125 2567 144.

356 2605 445 2660 408
