1909 2998
535 216 784 263 PLINY:
842 214 1173 262 NATURAL
1217 214 1514 262 HISTORY

281 347 420 407 picis,
444 351 501 390 ut
525 344 647 390 odor
669 346 782 389 vino
805 345 1069 405 contingat
1092 349 1146 389 et
1168 345 1356 404 saporis
1380 342 1630 405 quaedam
1653 359 1768 389 acu-

282 438 434 481 mina.
502 432 851 480 vehementius
887 433 938 479 id
975 432 1081 478 fieri
1116 433 1424 478 arbitrantur
1458 432 1610 479 crudo
1647 432 1766 480 flore

282 528 478 571 resinae
534 527 844 585 excitarique
898 523 1180 578 lenitatem,
1236 538 1264 568 e
1317 523 1512 569 diverso
1564 522 1767 585 crapula

282 618 513 676 conpesci
549 613 807 660 feritatem
842 615 1048 658 nimiam
1083 612 1346 675 frangique
1382 615 1511 659 virus
1547 619 1652 668 aut,
1680 613 1765 659 ubi

283 708 426 767 pigra
462 703 643 750 lenitas
681 709 902 765 torpeat,
939 706 1068 748 virus
1106 702 1240 757 addi,
1278 701 1512 765 Liguriae
1547 706 1766 749 maxime

184 801 259 840 125
284 793 798 856 Circumpadanisque
815 796 1007 839 mustis.
1075 792 1309 854 crapulae
1326 791 1517 839 utilitas
1534 792 1767 839 discerni—

280 892 365 931 tur
410 883 503 931 hoc
550 883 728 930 modo:
794 883 1105 946 pugnacibus
1152 885 1328 929 mustis
1375 881 1609 944 crapulae
1655 883 1765 945 plus

281 975 487 1030 inditur,
547 973 740 1020 lenibus
799 976 1010 1035 parcius.
1079 980 1195 1019 sunt
1255 974 1339 1035 qui
1400 972 1492 1019 et1
1551 979 1765 1036 utroque

280 1065 468 1112 condiri
516 1064 699 1118 velint3
764 1080 857 1110 nec
905 1079 1005 1109 non
1052 1062 1219 1125 aliqua
1267 1069 1344 1109 est
1391 1065 1545 1109 musti
1584 1063 1766 1125 picea2

281 1163 482 1210 natura,
511 1157 788 1216 vitiumque
818 1160 985 1199 musto
1016 1152 1315 1216 quibusdam
1349 1155 1400 1198 in
1434 1152 1552 1199 locis
1581 1155 1765 1200 iterum

280 1252 461 1308 sponte
479 1244 690 1299 fervere,
711 1260 810 1306 qua
828 1242 1124 1289 calamitate
1143 1242 1342 1305 deperit
1361 1258 1536 1305 sapor:
1571 1259 1764 1306 vappae

280 1338 461 1397 accipit
494 1350 696 1389 nomen,
728 1334 1022 1395 probrosum
1056 1336 1213 1379 etiam
1245 1332 1502 1379 hominum
1535 1350 1648 1380 cum
1679 1334 1765 1380 de-

279 1427 540 1488 generavit
568 1427 776 1470 animus.
845 1426 977 1470 aceti
1005 1427 1138 1470 enim
1165 1426 1423 1486 nequitiae
1449 1426 1581 1470 inest
1607 1427 1761 1470 virtus

279 1531 487 1578 magnos
524 1515 588 1560 ad
624 1531 758 1570 usus,
796 1521 849 1560 et
884 1517 991 1560 sine
1028 1518 1136 1576 quis
1172 1516 1341 1560 mitior
1375 1516 1479 1560 vita
1514 1514 1630 1577 degi
1666 1530 1764 1560 non

180 1612 257 1651 126
279 1608 452 1668 possit.
519 1611 689 1651 cetero
722 1607 948 1650 vinorum
977 1604 1322 1650 medicaminis
1350 1610 1499 1650 tanta
1533 1617 1651 1650 cura
1687 1612 1764 1651 est

276 1703 335 1742 ut
369 1699 536 1742 cinere
571 1694 705 1756 apud
741 1694 984 1757 quosdam
1019 1711 1110 1740 ceu
1145 1710 1304 1758 gypso
1340 1693 1457 1740 alibi
1493 1701 1546 1741 et
1581 1694 1761 1758 quibus

278 1786 494 1832 diximus
544 1785 704 1831 modis
755 1788 1125 1839 instaurentur3
1193 1784 1283 1831 sed
1323 1787 1544 1831 cinerem
1580 1800 1609 1831 e
1644 1788 1758 1832 vitis

277 1879 543 1923 sarmentis
571 1882 658 1921 aut
685 1891 871 1937 quercu
900 1874 1211 1936 praeferunt.
1280 1878 1401 1937 quin
1431 1880 1484 1921 et
1515 1878 1762 1922 marinam

277 1982 461 2028 aquam
485 1964 711 2011 eiusdem
733 1968 805 2011 rei
827 1968 993 2028 gratia
1018 1981 1080 2010 ex
1104 1965 1207 2010 alto
1229 1967 1336 2027 peti
1359 1964 1535 2011 iubent
1557 1969 1763 2012 servari-

278 2072 376 2119 que
411 2055 475 2101 ab
511 2058 830 2118 aequinoctio
865 2071 1034 2110 verno,
1070 2062 1158 2101 aut
1193 2061 1332 2101 certe
1366 2061 1514 2101 nocte
1548 2054 1761 2102 solstitio

559 2175 575 2199 1
605 2178 649 2213 et
671 2173 892 2225 Mayhoff:
924 2188 991 2214 ex,

554 2228 569 2252 ²
605 2228 771 2267 Urlichs
789 2243 798 2267 ε
829 2227 913 2267 alia
935 2240 1016 2279 que
1037 2232 1103 2267 est
1124 2227 1251 2267 mulsi
1272 2229 1364 2279 pice
1385 2232 1442 2268 et.

333 2420 350 2438 ⁰
380 2411 577 2462 emmila,
623 2411 824 2462 properly
869 2412 1156 2451 intoxication
1200 2425 1248 2451 or
1291 2412 1632 2460 sick-headache,
1678 2413 1757 2453 but

278 2466 536 2558 gffipgferred
563 2470 610 2505 to
635 2466 711 2505 the
735 2466 876 2517 liquor
900 2465 1000 2505 that
1028 2478 1114 2505 was
1141 2466 1359 2517 supposed
1386 2469 1434 2506 to
1459 2466 1646 2517 produce
1670 2466 1757 2506 this

280 2595 368 2640 268
