<?xml version="1.0" encoding="UTF-8"?>
<!DOCTYPE html PUBLIC "-//W3C//DTD XHTML 1.0 Transitional//EN"
    "http://www.w3.org/TR/xhtml1/DTD/xhtml1-transitional.dtd">
<html xmlns="http://www.w3.org/1999/xhtml" xml:lang="en" lang="en">
 <head>
  <title>
</title>
<meta http-equiv="Content-Type" content="text/html;charset=utf-8" />
  <meta name='ocr-system' content='tesseract 3.04.00' />
  <meta name='ocr-capabilities' content='ocr_page ocr_carea ocr_par ocr_line ocrx_word'/>
</head>
<body>
  <div class='ocr_page' id='page_1' title='image "./naturalhistory04plinuoft/naturalhistory04plinuoft_0516.png"; bbox 0 0 1940 2998; ppageno 0'>
   <div class='ocr_carea' id='block_1_1' title="bbox 620 189 1599 238">
    <p class='ocr_par' dir='ltr' id='par_1_1' title="bbox 620 189 1599 238">
     <span class='ocr_line' id='line_1_1' title="bbox 620 189 1599 238; baseline -0.004 0"><span class='ocrx_word' id='word_1_1' title='bbox 620 192 863 238; x_wconf 88' lang='lat' dir='ltr'><strong>PLINY:</strong></span> <span class='ocrx_word' id='word_1_2' title='bbox 929 191 1258 237; x_wconf 85' lang='lat' dir='ltr'><strong>NATURAL</strong></span> <span class='ocrx_word' id='word_1_3' title='bbox 1303 189 1599 236; x_wconf 85' lang='lat' dir='ltr'>HISTORY</span> 
     </span>
    </p>
   </div>
   <div class='ocr_carea' id='block_1_2' title="bbox 372 318 1850 543">
    <p class='ocr_par' dir='ltr' id='par_1_2' title="bbox 372 318 1850 543">
     <span class='ocr_line' id='line_1_2' title="bbox 373 318 1846 386; baseline -0.003 -18"><span class='ocrx_word' id='word_1_4' title='bbox 373 339 523 386; x_wconf 91' lang='lat' dir='ltr'>quam</span> <span class='ocrx_word' id='word_1_5' title='bbox 543 320 752 376; x_wconf 87' lang='lat' dir='ltr'>ferulae,</span> <span class='ocrx_word' id='word_1_6' title='bbox 771 322 955 383; x_wconf 77' lang='lat' dir='ltr'>quippe</span> <span class='ocrx_word' id='word_1_7' title='bbox 974 319 1086 382; x_wconf 87' lang='lat' dir='ltr'>plus</span> <span class='ocrx_word' id='word_1_8' title='bbox 1105 318 1225 380; x_wconf 90' lang='lat' dir='ltr'>ligni</span> <span class='ocrx_word' id='word_1_9' title='bbox 1246 325 1323 364; x_wconf 85' lang='lat' dir='ltr'>est</span> <span class='ocrx_word' id='word_1_10' title='bbox 1345 320 1519 379; x_wconf 81' lang='lat' dir='ltr'>utique</span> <span class='ocrx_word' id='word_1_11' title='bbox 1540 319 1752 372; x_wconf 81' lang='lat' dir='ltr'>sabuc03</span> <span class='ocrx_word' id='word_1_12' title='bbox 1786 334 1846 364; x_wconf 84' lang='lat' dir='ltr'>ex</span> 
     </span>
     <span class='ocr_line' id='line_1_3' title="bbox 373 397 1850 465; baseline -0.004 -17"><span class='ocrx_word' id='word_1_13' title='bbox 373 420 472 465; x_wconf 92' lang='lat' dir='ltr'>qua</span> <span class='ocrx_word' id='word_1_14' title='bbox 494 404 652 464; x_wconf 85' lang='lat' dir='ltr'>magis</span> <span class='ocrx_word' id='word_1_15' title='bbox 675 416 910 446; x_wconf 87' lang='lat' dir='ltr'>canoram</span> <span class='ocrx_word' id='word_1_16' title='bbox 933 399 1166 444; x_wconf 82' lang='lat' dir='ltr'>bucinam</span> <span class='ocrx_word' id='word_1_17' title='bbox 1189 398 1465 459; x_wconf 84' lang='lat' dir='ltr'>tubamque</span> <span class='ocrx_word' id='word_1_18' title='bbox 1491 397 1651 443; x_wconf 87' lang='lat' dir='ltr'>credit</span> <span class='ocrx_word' id='word_1_19' title='bbox 1678 405 1850 460; x_wconf 84' lang='lat' dir='ltr'>pastor</span> 
     </span>
     <span class='ocr_line' id='line_1_4' title="bbox 372 477 1847 543; baseline -0.003 -15"><span class='ocrx_word' id='word_1_20' title='bbox 372 484 439 529; x_wconf 90' lang='lat' dir='ltr'>ibi</span> <span class='ocrx_word' id='word_1_21' title='bbox 455 498 599 528; x_wconf 85' lang='lat' dir='ltr'>caesa</span> <span class='ocrx_word' id='word_1_22' title='bbox 617 481 699 526; x_wconf 89' lang='lat' dir='ltr'>ubi</span> <span class='ocrx_word' id='word_1_23' title='bbox 717 479 960 543; x_wconf 87' lang='lat' dir='ltr'>gallorum</span> <span class='ocrx_word' id='word_1_24' title='bbox 976 486 1180 524; x_wconf 90' lang='lat' dir='ltr'>cantum</span> <span class='ocrx_word' id='word_1_25' title='bbox 1197 477 1365 523; x_wconf 79' lang='lat' dir='ltr'>frutex</span> <span class='ocrx_word' id='word_1_26' title='bbox 1382 477 1462 523; x_wconf 88' lang='lat' dir='ltr'>ille</span> <span class='ocrx_word' id='word_1_27' title='bbox 1479 494 1578 522; x_wconf 89' lang='lat' dir='ltr'>non</span> <span class='ocrx_word' id='word_1_28' title='bbox 1595 477 1847 524; x_wconf 82' lang='lat' dir='ltr'>exaudiat.</span> 
     </span>
    </p>
   </div>
   <div class='ocr_carea' id='block_1_3' title="bbox 267 556 1850 620">
    <p class='ocr_par' dir='ltr' id='par_1_3' title="bbox 267 556 1850 620">
     <span class='ocr_line' id='line_1_5' title="bbox 267 556 1850 620; baseline -0.004 -11"><span class='ocrx_word' id='word_1_29' title='bbox 267 571 343 609; x_wconf 87' lang='lat'>180</span> <span class='ocrx_word' id='word_1_30' title='bbox 368 563 477 609; x_wconf 91' lang='lat' dir='ltr'>rubi</span> <span class='ocrx_word' id='word_1_31' title='bbox 509 577 648 607; x_wconf 87' lang='lat' dir='ltr'>mora</span> <span class='ocrx_word' id='word_1_32' title='bbox 673 558 844 606; x_wconf 78' lang='lat' dir='ltr'>ferunt</span> <span class='ocrx_word' id='word_1_33' title='bbox 873 566 925 604; x_wconf 85' lang='lat' dir='ltr'>et</span> <span class='ocrx_word' id='word_1_34' title='bbox 953 558 1048 603; x_wconf 89' lang='lat' dir='ltr'>alio</span> <span class='ocrx_word' id='word_1_35' title='bbox 1075 574 1262 620; x_wconf 78' lang='lat' dir='ltr'><strong>genere</strong></span> <span class='ocrx_word' id='word_1_36' title='bbox 1290 556 1667 603; x_wconf 82' lang='lat' dir='ltr'>similitudinem</span> <span class='ocrx_word' id='word_1_37' title='bbox 1693 574 1850 613; x_wconf 81' lang='lat' dir='ltr'>rosae,</span> 
     </span>
    </p>
   </div>
   <div class='ocr_carea' id='block_1_4' title="bbox 269 1291 338 1328">
    <p class='ocr_par' dir='ltr' id='par_1_4' title="bbox 269 1291 338 1328">
     <span class='ocr_line' id='line_1_6' title="bbox 269 1291 338 1328; baseline 0 -1"><span class='ocrx_word' id='word_1_38' title='bbox 269 1291 338 1328; x_wconf 77' lang='lat'>181</span> 
     </span>
    </p>
   </div>
   <div class='ocr_carea' id='block_1_5' title="bbox 371 636 1853 1822">
    <p class='ocr_par' dir='ltr' id='par_1_5' title="bbox 371 636 1852 1247">
     <span class='ocr_line' id='line_1_7' title="bbox 374 636 1849 705; baseline -0.003 -18"><span class='ocrx_word' id='word_1_39' title='bbox 374 645 457 705; x_wconf 89' lang='lat' dir='ltr'>qui</span> <span class='ocrx_word' id='word_1_40' title='bbox 481 642 499 670; x_wconf 82' lang='lat'>1</span> <span class='ocrx_word' id='word_1_41' title='bbox 541 647 746 686; x_wconf 84' lang='lat' dir='ltr'>vocatur</span> <span class='ocrx_word' id='word_1_42' title='bbox 794 639 1108 702; x_wconf 82' lang='lat' dir='ltr'>cynosbatos.</span> <span class='ocrx_word' id='word_1_43' title='bbox 1176 640 1384 683; x_wconf 83' lang='lat' dir='ltr'>tertium</span> <span class='ocrx_word' id='word_1_44' title='bbox 1432 653 1591 699; x_wconf 87' lang='lat' dir='ltr'>genus</span> <span class='ocrx_word' id='word_1_45' title='bbox 1642 636 1849 684; x_wconf 84' lang='lat' dir='ltr'>Idaeum</span> 
     </span>
     <span class='ocr_line' id='line_1_8' title="bbox 371 719 1851 779; baseline -0.004 -11"><span class='ocrx_word' id='word_1_46' title='bbox 371 728 551 768; x_wconf 82' lang='lat' dir='ltr'>vocant</span> <span class='ocrx_word' id='word_1_47' title='bbox 586 721 765 766; x_wconf 85' lang='lat' dir='ltr'>Graeci</span> <span class='ocrx_word' id='word_1_48' title='bbox 799 736 828 764; x_wconf 85' lang='lat' dir='ltr'>a</span> <span class='ocrx_word' id='word_1_49' title='bbox 859 719 984 774; x_wconf 89' lang='lat' dir='ltr'>loco,</span> <span class='ocrx_word' id='word_1_50' title='bbox 1017 720 1237 764; x_wconf 89' lang='lat' dir='ltr'>tenerior</span> <span class='ocrx_word' id='word_1_51' title='bbox 1270 734 1420 779; x_wconf 88' lang='lat' dir='ltr'>quam</span> <span class='ocrx_word' id='word_1_52' title='bbox 1452 724 1623 763; x_wconf 83' lang='lat' dir='ltr'>cetera</span> <span class='ocrx_word' id='word_1_53' title='bbox 1655 719 1851 763; x_wconf 83' lang='lat' dir='ltr'>minori-</span> 
     </span>
     <span class='ocr_line' id='line_1_9' title="bbox 371 795 1851 864; baseline -0.003 -16"><span class='ocrx_word' id='word_1_54' title='bbox 371 804 564 864; x_wconf 87' lang='lat' dir='ltr'><strong>busque</strong></span> <span class='ocrx_word' id='word_1_55' title='bbox 609 802 761 863; x_wconf 84' lang='lat' dir='ltr'>spinis</span> <span class='ocrx_word' id='word_1_56' title='bbox 805 805 858 844; x_wconf 85' lang='lat' dir='ltr'>et</span> <span class='ocrx_word' id='word_1_57' title='bbox 901 801 1063 844; x_wconf 88' lang='lat' dir='ltr'>minus</span> <span class='ocrx_word' id='word_1_58' title='bbox 1107 798 1339 851; x_wconf 81' lang='lat' dir='ltr'>aduncis3</span> <span class='ocrx_word' id='word_1_59' title='bbox 1399 795 1488 842; x_wconf 91' lang='lat' dir='ltr'>flos</span> <span class='ocrx_word' id='word_1_60' title='bbox 1531 799 1636 842; x_wconf 88' lang='lat' dir='ltr'>eius</span> <span class='ocrx_word' id='word_1_61' title='bbox 1678 805 1851 843; x_wconf 85' lang='lat' dir='ltr'>contra</span> 
     </span>
     <span class='ocr_line' id='line_1_10' title="bbox 371 877 1852 946; baseline -0.003 -18"><span class='ocrx_word' id='word_1_62' title='bbox 371 880 698 946; x_wconf 73' lang='lat' dir='ltr'>lippitudines</span> <span class='ocrx_word' id='word_1_63' title='bbox 726 879 965 933; x_wconf 74' lang='lat' dir='ltr'>inlinitur,</span> <span class='ocrx_word' id='word_1_64' title='bbox 994 895 1055 924; x_wconf 86' lang='lat' dir='ltr'>cx</span> <span class='ocrx_word' id='word_1_65' title='bbox 1084 877 1231 923; x_wconf 86' lang='lat' dir='ltr'>melle</span> <span class='ocrx_word' id='word_1_66' title='bbox 1261 883 1313 923; x_wconf 86' lang='lat' dir='ltr'>et</span> <span class='ocrx_word' id='word_1_67' title='bbox 1339 879 1442 940; x_wconf 82' lang='lat' dir='ltr'>igni</span> <span class='ocrx_word' id='word_1_68' title='bbox 1470 891 1635 932; x_wconf 83' lang='lat' dir='ltr'>sacr03</span> <span class='ocrx_word' id='word_1_69' title='bbox 1678 884 1852 923; x_wconf 84' lang='lat' dir='ltr'>contra</span> 
     </span>
     <span class='ocr_line' id='line_1_11' title="bbox 372 958 1852 1022; baseline -0.003 -14"><span class='ocrx_word' id='word_1_70' title='bbox 372 959 615 1008; x_wconf 79' lang='lat' dir='ltr'>stomachi</span> <span class='ocrx_word' id='word_1_71' title='bbox 673 976 872 1022; x_wconf 91' lang='lat' dir='ltr'>quoque</span> <span class='ocrx_word' id='word_1_72' title='bbox 929 961 1051 1004; x_wconf 85' lang='lat' dir='ltr'>vitia</span> <span class='ocrx_word' id='word_1_73' title='bbox 1105 958 1294 1004; x_wconf 83' lang='lat' dir='ltr'>bibitur</span> <span class='ocrx_word' id='word_1_74' title='bbox 1350 974 1412 1003; x_wconf 83' lang='lat' dir='ltr'>ex</span> <span class='ocrx_word' id='word_1_75' title='bbox 1471 973 1615 1019; x_wconf 85' lang='lat' dir='ltr'>aqua.</span> <span class='ocrx_word' id='word_1_76' title='bbox 1683 958 1852 1004; x_wconf 86' lang='lat' dir='ltr'>sabuci</span> 
     </span>
     <span class='ocr_line' id='line_1_12' title="bbox 373 1037 1851 1102; baseline -0.003 -15"><span class='ocrx_word' id='word_1_77' title='bbox 373 1045 537 1088; x_wconf 85' lang='lat' dir='ltr'>acinos</span> <span class='ocrx_word' id='word_1_78' title='bbox 588 1039 780 1085; x_wconf 85' lang='lat' dir='ltr'>habent</span> <span class='ocrx_word' id='word_1_79' title='bbox 830 1042 995 1102; x_wconf 87' lang='lat' dir='ltr'>nigros</span> <span class='ocrx_word' id='word_1_80' title='bbox 1047 1045 1200 1100; x_wconf 88' lang='lat' dir='ltr'>atque</span> <span class='ocrx_word' id='word_1_81' title='bbox 1249 1053 1427 1101; x_wconf 89' lang='lat' dir='ltr'>parvos</span> <span class='ocrx_word' id='word_1_82' title='bbox 1479 1040 1661 1083; x_wconf 91' lang='lat' dir='ltr'>umoris</span> <span class='ocrx_word' id='word_1_83' title='bbox 1711 1037 1851 1093; x_wconf 87' lang='lat' dir='ltr'>lenti,</span> 
     </span>
     <span class='ocr_line' id='line_1_13' title="bbox 371 1117 1850 1182; baseline -0.003 -14"><span class='ocrx_word' id='word_1_84' title='bbox 371 1120 636 1168; x_wconf 90' lang='lat' dir='ltr'>inficiendo</span> <span class='ocrx_word' id='word_1_85' title='bbox 670 1122 890 1165; x_wconf 80' lang='lat' dir='ltr'>maxime</span> <span class='ocrx_word' id='word_1_86' title='bbox 926 1118 1120 1182; x_wconf 81' lang='lat' dir='ltr'>capillo,</span> <span class='ocrx_word' id='word_1_87' title='bbox 1157 1120 1240 1180; x_wconf 90' lang='lat' dir='ltr'>qui</span> <span class='ocrx_word' id='word_1_88' title='bbox 1278 1124 1330 1164; x_wconf 82' lang='lat' dir='ltr'>et</span> <span class='ocrx_word' id='word_1_89' title='bbox 1365 1120 1458 1180; x_wconf 90' lang='lat' dir='ltr'>ipsi</span> <span class='ocrx_word' id='word_1_90' title='bbox 1494 1133 1624 1179; x_wconf 85' lang='lat' dir='ltr'>aqua</span> <span class='ocrx_word' id='word_1_91' title='bbox 1659 1117 1850 1174; x_wconf 82' lang='lat' dir='ltr'>decocti</span> 
     </span>
     <span class='ocr_line' id='line_1_14' title="bbox 374 1201 694 1247; baseline -0.006 0"><span class='ocrx_word' id='word_1_92' title='bbox 374 1201 694 1247; x_wconf 78' lang='lat' dir='ltr'>manduntur.</span> 
     </span>
    </p>

    <p class='ocr_par' dir='ltr' id='par_1_6' title="bbox 372 1278 1853 1822">
     <span class='ocr_line' id='line_1_15' title="bbox 451 1278 1850 1341; baseline -0.001 -16"><span class='ocrx_word' id='word_1_93' title='bbox 451 1280 662 1327; x_wconf 80' lang='lat' dir='ltr'>LXXII.</span> <span class='ocrx_word' id='word_1_94' title='bbox 719 1279 877 1325; x_wconf 84' lang='lat' dir='ltr'>Umor</span> <span class='ocrx_word' id='word_1_95' title='bbox 939 1286 990 1325; x_wconf 84' lang='lat' dir='ltr'>et</span> <span class='ocrx_word' id='word_1_96' title='bbox 1050 1278 1286 1341; x_wconf 77' lang='lat' dir='ltr'>corpori2</span> <span class='ocrx_word' id='word_1_97' title='bbox 1334 1278 1564 1323; x_wconf 87' lang='lat' dir='ltr'>arborum</span> <span class='ocrx_word' id='word_1_98' title='bbox 1627 1285 1720 1333; x_wconf 84' lang='lat' dir='ltr'>est,</span> <span class='ocrx_word' id='word_1_99' title='bbox 1768 1281 1850 1341; x_wconf 87' lang='lat' dir='ltr'>qui</span> 
     </span>
     <span class='ocr_line' id='line_1_16' title="bbox 373 1358 1852 1425; baseline -0.003 -17"><span class='ocrx_word' id='word_1_100' title='bbox 373 1363 573 1425; x_wconf 88' lang='lat' dir='ltr'>sanguis</span> <span class='ocrx_word' id='word_1_101' title='bbox 611 1376 783 1406; x_wconf 83' lang='lat' dir='ltr'>earum</span> <span class='ocrx_word' id='word_1_102' title='bbox 819 1358 1045 1422; x_wconf 85' lang='lat' dir='ltr'>intellegi</span> <span class='ocrx_word' id='word_1_103' title='bbox 1081 1359 1254 1414; x_wconf 82' lang='lat' dir='ltr'>debet,</span> <span class='ocrx_word' id='word_1_104' title='bbox 1291 1375 1390 1403; x_wconf 91' lang='lat' dir='ltr'>non</span> <span class='ocrx_word' id='word_1_105' title='bbox 1426 1358 1560 1403; x_wconf 91' lang='lat' dir='ltr'>idem</span> <span class='ocrx_word' id='word_1_106' title='bbox 1597 1359 1852 1404; x_wconf 85' lang='lat' dir='ltr'>omnibus:</span> 
     </span>
     <span class='ocr_line' id='line_1_17' title="bbox 374 1437 1853 1501; baseline -0.003 -14"><span class='ocrx_word' id='word_1_107' title='bbox 374 1442 476 1488; x_wconf 89' lang='lat' dir='ltr'>ficis</span> <span class='ocrx_word' id='word_1_108' title='bbox 499 1438 871 1486; x_wconf 78' lang='lat' dir='ltr'>lacteus-huic</span> <span class='ocrx_word' id='word_1_109' title='bbox 896 1439 959 1485; x_wconf 88' lang='lat' dir='ltr'>ad</span> <span class='ocrx_word' id='word_1_110' title='bbox 982 1455 1152 1485; x_wconf 88' lang='lat' dir='ltr'>caseos</span> <span class='ocrx_word' id='word_1_111' title='bbox 1182 1437 1467 1501; x_wconf 85' lang='lat' dir='ltr'>figurandos</span> <span class='ocrx_word' id='word_1_112' title='bbox 1495 1438 1690 1501; x_wconf 85' lang='lat' dir='ltr'>coaguli</span> <span class='ocrx_word' id='word_1_113' title='bbox 1719 1441 1853 1484; x_wconf 87' lang='lat' dir='ltr'>vis—</span> 
     </span>
     <span class='ocr_line' id='line_1_18' title="bbox 372 1518 1852 1582; baseline -0.002 -14"><span class='ocrx_word' id='word_1_114' title='bbox 372 1524 554 1568; x_wconf 88' lang='lat' dir='ltr'>cerasis</span> <span class='ocrx_word' id='word_1_115' title='bbox 571 1522 924 1574; x_wconf 89' lang='lat' dir='ltr'>cumminosus‚</span> <span class='ocrx_word' id='word_1_116' title='bbox 943 1519 1087 1565; x_wconf 90' lang='lat' dir='ltr'>ulmis</span> <span class='ocrx_word' id='word_1_117' title='bbox 1107 1518 1360 1573; x_wconf 85' lang='lat' dir='ltr'>salivosus,</span> <span class='ocrx_word' id='word_1_118' title='bbox 1379 1518 1544 1564; x_wconf 84' lang='lat' dir='ltr'>lentus</span> <span class='ocrx_word' id='word_1_119' title='bbox 1564 1534 1620 1564; x_wconf 84' lang='lat' dir='ltr'>ac</span> <span class='ocrx_word' id='word_1_120' title='bbox 1636 1521 1852 1582; x_wconf 90' lang='lat' dir='ltr'>pinguis,</span> 
     </span>
     <span class='ocr_line' id='line_1_19' title="bbox 372 1598 1850 1662; baseline -0.001 -15"><span class='ocrx_word' id='word_1_121' title='bbox 372 1601 532 1657; x_wconf 83' lang='lat' dir='ltr'>malis,</span> <span class='ocrx_word' id='word_1_122' title='bbox 548 1601 748 1654; x_wconf 80' lang='lat' dir='ltr'>vitibus,</span> <span class='ocrx_word' id='word_1_123' title='bbox 763 1602 882 1662; x_wconf 90' lang='lat' dir='ltr'>piris</span> <span class='ocrx_word' id='word_1_124' title='bbox 901 1615 1129 1661; x_wconf 89' lang='lat' dir='ltr'>aquosus.</span> <span class='ocrx_word' id='word_1_125' title='bbox 1200 1601 1444 1644; x_wconf 84' lang='lat' dir='ltr'>vivaciora</span> <span class='ocrx_word' id='word_1_126' title='bbox 1460 1599 1638 1660; x_wconf 75' lang='lat' dir='ltr'>quibus</span> <span class='ocrx_word' id='word_1_127' title='bbox 1654 1598 1850 1645; x_wconf 84' lang='lat' dir='ltr'>lentior.</span> 
     </span>
     <span class='ocr_line' id='line_1_20' title="bbox 373 1678 1852 1743; baseline -0.001 -16"><span class='ocrx_word' id='word_1_128' title='bbox 373 1689 526 1743; x_wconf 78' lang='lat' dir='ltr'>atque</span> <span class='ocrx_word' id='word_1_129' title='bbox 582 1683 631 1725; x_wconf 91' lang='lat' dir='ltr'>in</span> <span class='ocrx_word' id='word_1_130' title='bbox 687 1686 853 1725; x_wconf 88' lang='lat' dir='ltr'>totum</span> <span class='ocrx_word' id='word_1_131' title='bbox 907 1682 1098 1742; x_wconf 85' lang='lat' dir='ltr'>corpori</span> <span class='ocrx_word' id='word_1_132' title='bbox 1154 1679 1385 1724; x_wconf 89' lang='lat' dir='ltr'>arborum</span> <span class='ocrx_word' id='word_1_133' title='bbox 1440 1684 1497 1724; x_wconf 86' lang='lat' dir='ltr'>ut</span> <span class='ocrx_word' id='word_1_134' title='bbox 1551 1678 1852 1741; x_wconf 87' lang='lat' dir='ltr'>reliquorum</span> 
     </span>
     <span class='ocr_line' id='line_1_21' title="bbox 374 1760 1852 1822; baseline -0.001 -16"><span class='ocrx_word' id='word_1_135' title='bbox 374 1760 662 1807; x_wconf 89' lang='lat' dir='ltr'>animalium</span> <span class='ocrx_word' id='word_1_136' title='bbox 701 1762 847 1815; x_wconf 86' lang='lat' dir='ltr'>cutis,</span> <span class='ocrx_word' id='word_1_137' title='bbox 887 1762 1105 1822; x_wconf 87' lang='lat' dir='ltr'>sanguis,</span> <span class='ocrx_word' id='word_1_138' title='bbox 1145 1775 1276 1814; x_wconf 89' lang='lat' dir='ltr'>caro,</span> <span class='ocrx_word' id='word_1_139' title='bbox 1317 1760 1471 1814; x_wconf 82' lang='lat' dir='ltr'>nervi,</span> <span class='ocrx_word' id='word_1_140' title='bbox 1511 1774 1687 1814; x_wconf 84' lang='lat' dir='ltr'>venae,</span> <span class='ocrx_word' id='word_1_141' title='bbox 1726 1775 1852 1815; x_wconf 87' lang='lat' dir='ltr'>ossa,</span> 
     </span>
    </p>
   </div>
   <div class='ocr_carea' id='block_1_6' title="bbox 272 1840 1852 1903">
    <p class='ocr_par' dir='ltr' id='par_1_7' title="bbox 272 1840 1852 1903">
     <span class='ocr_line' id='line_1_22' title="bbox 272 1840 1852 1903; baseline -0.001 -16"><span class='ocrx_word' id='word_1_142' title='bbox 272 1849 350 1888; x_wconf 83' lang='lat'>182</span> <span class='ocrx_word' id='word_1_143' title='bbox 374 1840 639 1887; x_wconf 86' lang='lat' dir='ltr'>medullae.</span> <span class='ocrx_word' id='word_1_144' title='bbox 705 1856 796 1903; x_wconf 90' lang='lat' dir='ltr'>pro</span> <span class='ocrx_word' id='word_1_145' title='bbox 846 1846 962 1885; x_wconf 87' lang='lat' dir='ltr'>cute</span> <span class='ocrx_word' id='word_1_146' title='bbox 1012 1846 1213 1893; x_wconf 82' lang='lat' dir='ltr'>cortex3</span> <span class='ocrx_word' id='word_1_147' title='bbox 1280 1841 1477 1893; x_wconf 86' lang='lat' dir='ltr'>mirum,</span> <span class='ocrx_word' id='word_1_148' title='bbox 1526 1840 1566 1884; x_wconf 90' lang='lat' dir='ltr'>is</span> <span class='ocrx_word' id='word_1_149' title='bbox 1615 1841 1667 1884; x_wconf 92' lang='lat' dir='ltr'>in</span> <span class='ocrx_word' id='word_1_150' title='bbox 1715 1855 1852 1885; x_wconf 89' lang='lat' dir='ltr'>moro</span> 
     </span>
    </p>
   </div>
   <div class='ocr_carea' id='block_1_7' title="bbox 371 1917 1853 2222">
    <p class='ocr_par' dir='ltr' id='par_1_8' title="bbox 371 1917 1853 2222">
     <span class='ocr_line' id='line_1_23' title="bbox 373 1917 1853 1981; baseline -0.001 -15"><span class='ocrx_word' id='word_1_151' title='bbox 373 1921 579 1967; x_wconf 90' lang='lat' dir='ltr'>medicis</span> <span class='ocrx_word' id='word_1_152' title='bbox 610 1936 782 1966; x_wconf 89' lang='lat' dir='ltr'>sucum</span> <span class='ocrx_word' id='word_1_153' title='bbox 816 1920 1173 1981; x_wconf 83' lang='lat' dir='ltr'>quaerentibus</span> <span class='ocrx_word' id='word_1_154' title='bbox 1205 1935 1320 1964; x_wconf 87' lang='lat' dir='ltr'>vere</span> <span class='ocrx_word' id='word_1_155' title='bbox 1352 1917 1473 1964; x_wconf 88' lang='lat' dir='ltr'>hora</span> <span class='ocrx_word' id='word_1_156' title='bbox 1503 1918 1605 1964; x_wconf 90' lang='lat' dir='ltr'>diei</span> <span class='ocrx_word' id='word_1_157' title='bbox 1634 1919 1853 1965; x_wconf 90' lang='lat' dir='ltr'>secunda</span> 
     </span>
     <span class='ocr_line' id='line_1_24' title="bbox 372 1998 1849 2064; baseline -0.001 -18"><span class='ocrx_word' id='word_1_158' title='bbox 372 2001 538 2064; x_wconf 84' lang='lat' dir='ltr'>lapide</span> <span class='ocrx_word' id='word_1_159' title='bbox 571 2003 793 2045; x_wconf 77' lang='lat' dir='ltr'>incussus</span> <span class='ocrx_word' id='word_1_160' title='bbox 826 2006 1016 2054; x_wconf 83' lang='lat' dir='ltr'>manat,</span> <span class='ocrx_word' id='word_1_161' title='bbox 1051 1999 1197 2045; x_wconf 82' lang='lat' dir='ltr'>altius</span> <span class='ocrx_word' id='word_1_162' title='bbox 1231 1998 1417 2044; x_wconf 86' lang='lat' dir='ltr'>fractus</span> <span class='ocrx_word' id='word_1_163' title='bbox 1449 2001 1605 2044; x_wconf 89' lang='lat' dir='ltr'>siccus</span> <span class='ocrx_word' id='word_1_164' title='bbox 1638 1998 1849 2045; x_wconf 88' lang='lat' dir='ltr'>videtur.</span> 
     </span>
     <span class='ocr_line' id='line_1_25' title="bbox 371 2077 1850 2144; baseline 0 -19"><span class='ocrx_word' id='word_1_165' title='bbox 371 2082 581 2144; x_wconf 77' lang='lat' dir='ltr'>proximi</span> <span class='ocrx_word' id='word_1_166' title='bbox 635 2079 886 2142; x_wconf 89' lang='lat' dir='ltr'>plerisque</span> <span class='ocrx_word' id='word_1_167' title='bbox 942 2079 1142 2142; x_wconf 81' lang='lat' dir='ltr'>adipes3</span> <span class='ocrx_word' id='word_1_168' title='bbox 1213 2077 1261 2123; x_wconf 87' lang='lat' dir='ltr'>hi</span> <span class='ocrx_word' id='word_1_169' title='bbox 1317 2085 1557 2124; x_wconf 77' lang='lat' dir='ltr'>vocantur</span> <span class='ocrx_word' id='word_1_170' title='bbox 1609 2095 1638 2123; x_wconf 86' lang='lat' dir='ltr'>a</span> <span class='ocrx_word' id='word_1_171' title='bbox 1690 2079 1850 2125; x_wconf 89' lang='lat' dir='ltr'>colore</span> 
     </span>
     <span class='ocr_line' id='line_1_26' title="bbox 375 2158 1850 2222; baseline -0.001 -17"><span class='ocrx_word' id='word_1_172' title='bbox 375 2160 653 2214; x_wconf 81' lang='lat' dir='ltr'>alburnum,</span> <span class='ocrx_word' id='word_1_173' title='bbox 701 2159 857 2204; x_wconf 86' lang='lat' dir='ltr'>mollis</span> <span class='ocrx_word' id='word_1_174' title='bbox 904 2176 960 2203; x_wconf 84' lang='lat' dir='ltr'>ac</span> <span class='ocrx_word' id='word_1_175' title='bbox 1003 2161 1218 2222; x_wconf 86' lang='lat' dir='ltr'>pessima</span> <span class='ocrx_word' id='word_1_176' title='bbox 1263 2175 1376 2221; x_wconf 80' lang='lat' dir='ltr'>pars</span> <span class='ocrx_word' id='word_1_177' title='bbox 1421 2158 1558 2221; x_wconf 72' lang='lat' dir='ltr'>ligni,</span> <span class='ocrx_word' id='word_1_178' title='bbox 1604 2161 1756 2204; x_wconf 86' lang='lat' dir='ltr'>etiam</span> <span class='ocrx_word' id='word_1_179' title='bbox 1802 2162 1850 2204; x_wconf 89' lang='lat' dir='ltr'>in</span> 
     </span>
    </p>
   </div>
   <div class='ocr_carea' id='block_1_8' title="bbox 873 2271 1329 2375">
    <p class='ocr_par' dir='ltr' id='par_1_9' title="bbox 873 2271 1329 2375">
     <span class='ocr_line' id='line_1_27' title="bbox 875 2271 1256 2322; baseline 0.003 -13"><span class='ocrx_word' id='word_1_180' title='bbox 875 2272 887 2295; x_wconf 85' lang='lat'>1</span> <span class='ocrx_word' id='word_1_181' title='bbox 922 2285 1030 2321; x_wconf 83' lang='lat' dir='ltr'>quae</span> <span class='ocrx_word' id='word_1_182' title='bbox 1052 2271 1256 2322; x_wconf 77' lang='lat' dir='ltr'>Mayhoff.</span> 
     </span>
     <span class='ocr_line' id='line_1_28' title="bbox 873 2325 1329 2375; baseline 0 -12"><span class='ocrx_word' id='word_1_183' title='bbox 873 2326 887 2348; x_wconf 82' lang='lat'><strong>²</strong></span> <span class='ocrx_word' id='word_1_184' title='bbox 919 2325 1138 2375; x_wconf 29' lang='lat' dir='ltr'>Mayhvoff:</span> <span class='ocrx_word' id='word_1_185' title='bbox 1171 2326 1329 2364; x_wconf 84' lang='lat' dir='ltr'>cortici.</span> 
     </span>
    </p>
   </div>
   <div class='ocr_carea' id='block_1_9' title="bbox 956 2503 1259 2555">
    <p class='ocr_par' dir='ltr' id='par_1_10' title="bbox 956 2503 1259 2555">
     <span class='ocr_line' id='line_1_29' title="bbox 956 2503 1259 2555; baseline 0.003 -14"><span class='ocrx_word' id='word_1_186' title='bbox 956 2509 971 2526; x_wconf 85' lang='lat'>‘¹</span> <span class='ocrx_word' id='word_1_187' title='bbox 1004 2503 1259 2555; x_wconf 76' lang='lat' dir='ltr'>ErysipelaS.</span> 
     </span>
    </p>
   </div>
  </div>
 </body>
</html>
