1909 2998
187 524 263 562 107

187 1483 265 1523 108

539 228 784 274 PLINY:
849 227 1178 273 NATURAL
1222 226 1518 274 HISTORY

284 357 512 420 duntque
555 359 757 403 iuncum
801 355 1066 402 odoratum
1109 362 1163 402 et
1210 357 1261 401 in
1310 355 1586 419 Campania
1632 358 1767 403 inve-

287 440 396 483 niri.

350 517 681 563 Discessimus
702 532 731 561 a
754 518 900 562 terris
925 532 1168 561 oceanum
1194 515 1539 578 spectantibus
1565 515 1628 561 ad
1653 532 1768 561 con—

281 613 432 643 vexas
486 599 537 642 in
591 603 761 642 nostra
814 598 986 642 maria.
1054 594 1239 641 XLIX.
1276 594 1411 657 Ergo
1465 594 1766 659 Aethiopiae

282 678 509 723 subiecta
565 675 736 722 Africa
792 674 1125 721 hammoniaci
1181 674 1407 721 lacrimas
1428 675 1446 704 1
1504 674 1661 722 stillat
1717 678 1767 721 in

280 756 479 802 harenis
499 759 628 810 suis3
669 755 786 802 inde
807 772 992 802 nomen
1012 755 1031 784 2
1055 758 1210 801 etiam
1237 755 1531 801 Hammonis
1550 754 1768 811 oraculo,

281 841 424 883 iuxta
448 837 582 899 quod
605 839 832 899 gignitur
855 836 1031 881 arbore
1056 851 1207 897 quam
1231 842 1471 898 metopon
1495 834 1767 900 appellant,

280 920 476 963 resinae
531 916 682 962 modo
738 923 826 962 aut
881 918 1170 961 cummium.
1237 931 1426 977 genera
1481 918 1586 961 eius
1641 915 1767 962 duo:

281 996 547 1043 thrauston
586 996 791 1042 masculi
826 999 950 1042 turis
983 994 1352 1051 similitudine,3
1377 995 1511 1058 quod
1547 998 1766 1042 maxime

280 1077 541 1140 probatur,
569 1076 785 1123 alterum
810 1078 999 1139 pingue
1027 1082 1080 1121 et
1107 1078 1401 1131 resinosum‚
1428 1075 1562 1137 quod
1586 1074 1768 1140 phyra-

282 1174 365 1203 ma
404 1156 677 1220 appellant.
746 1155 1062 1202 adulteratur
1100 1154 1299 1201 harenis
1339 1155 1478 1201 velut
1516 1155 1768 1202 nascendo

282 1236 636 1302 adprehensis3
686 1239 841 1299 igitur
874 1252 1025 1298 quam
1057 1238 1274 1281 minimis
1306 1235 1497 1298 glaebis
1526 1236 1769 1299 probatur

283 1325 336 1364 et
399 1334 550 1380 quam
611 1319 901 1380 purissimis.
969 1318 1191 1379 pretium
1254 1318 1445 1379 optimo
1506 1318 1558 1361 in
1619 1315 1767 1362 libras

283 1414 417 1444 asses
442 1412 584 1443 xxxx.

349 1476 408 1523 L.
446 1476 707 1540 Sphagnos
734 1476 862 1521 infra
889 1493 973 1522 eos
999 1479 1124 1522 situs
1148 1478 1199 1521 in
1219 1475 1495 1539 Cyrenaica
1516 1478 1768 1539 provincia

280 1560 499 1604 maxime
513 1558 756 1621 probatur
772 1573 782 1602 t
808 1556 890 1601 alii
905 1557 1065 1619 bryon
1081 1563 1276 1602 vocant.
1316 1556 1591 1602 secundum
1604 1555 1767 1602 locum

282 1640 480 1701 optinet
523 1637 752 1700 Cyprius,
792 1639 1003 1683 tertium
1044 1634 1356 1682 Phoenicius.
1425 1635 1585 1682 fertur
1625 1643 1678 1683 et
1716 1639 1767 1682 in

282 1719 522 1781 Aegypto
555 1721 709 1773 nasci,
743 1720 863 1779 quin
896 1724 949 1763 et
982 1720 1032 1761 in
1067 1716 1247 1772 Gallia,
1280 1732 1373 1762 nec
1406 1715 1766 1762 dubitaverim:

282 1806 400 1844 sunt
431 1800 565 1844 enim
598 1797 691 1843 hoc
723 1800 925 1843 nomine
957 1799 1068 1842 cani
1101 1797 1333 1842 arborum
1364 1795 1483 1852 villi,
1514 1796 1686 1858 quales
1716 1799 1767 1842 in

282 1895 469 1941 quercu
519 1881 739 1924 maxime
792 1877 1036 1932 videmus,
1089 1876 1178 1922 sed
1230 1876 1381 1922 odore
1431 1884 1763 1939 praestantes.

280 1959 385 2004 laus
427 1961 589 2021 prima
630 1957 995 2003 candidissimis
1039 1964 1192 2019 atque
1236 1956 1505 2011 latissimis,
1547 1956 1767 2002 secunda

281 2038 459 2093 rutilis,
507 2037 642 2083 nulla
690 2040 871 2100 nigris3
938 2044 991 2083 et
1039 2040 1089 2082 in
1137 2036 1308 2082 insulis
1353 2039 1612 2099 petrisque
1659 2039 1765 2082 nati

282 2118 645 2182 improbantur,
672 2133 947 2180 omnesque
976 2117 1154 2180 quibus
1180 2116 1462 2180 palmarum
1487 2123 1640 2179 atque
1666 2132 1765 2162 non

282 2215 397 2245 suus
421 2197 542 2244 odor
565 2201 645 2244 sit.

344 2366 359 2390 ¹
388 2366 615 2404 lacrimas?
650 2364 858 2404 Mueller:
889 2364 1079 2404 lacrima.

342 2419 357 2442 ²
388 2419 597 2458 Mueller:
628 2419 814 2458 nomine.

341 2473 355 2494 ³
392 2472 471 2512 VJ.
491 2472 845 2511 similitudinem:
888 2471 1120 2510 thrauston
1149 2468 1255 2524 (ob)
1284 2469 1458 2508 masculi
1485 2470 1593 2510 turis
1618 2470 1762 2509 simili-

288 2527 514 2565 tudinem?
546 2525 771 2565 Rackkam.

286 2623 343 2681 76
