1940 2998
617 181 861 227 PLINY:
927 181 1256 227 NATURAL
1302 180 1598 228 HISTORY

368 312 603 371 mirisque
621 308 946 354 memorabili.
1015 325 1232 370 namque
1251 324 1349 353 non
1368 311 1534 353 omnia
1553 310 1603 354 in
1621 309 1847 356 omnibus

367 389 483 435 10015
520 392 652 434 nasci
690 389 964 442 docuimus,
1000 404 1092 433 nec
1140 387 1323 433 tralata
1355 390 1547 442 vivere3
1600 387 1693 434 hoc
1728 388 1847 436 alias

368 468 586 523 fastidio,
610 468 728 513 alias
751 470 1083 521 contumacia,
1106 470 1303 530 saepius
1327 467 1654 514 inbecillitate
1677 485 1847 515 eorum

368 566 495 610 quac
566 547 929 594 transferantur
979 549 1164 602 evenit,
1216 547 1335 592 alias
1385 547 1524 594 caelo
1574 548 1847 605 invidente,

368 629 486 674 alias
509 628 611 673 solo
634 635 967 691 repugnante.

268 717 344 755 135
433 709 566 754 LIX.
608 708 821 753 Fastidit
847 708 1124 753 balsamum
1151 707 1266 753 alibi
1301 707 1473 763 nasci}
1498 714 1619 754 nata
1644 708 1848 772 Assyria

366 788 523 834 malus
550 788 666 833 alibi
692 787 840 843 ferre,
866 805 959 834 nec
989 804 1088 833 non
1115 795 1167 833 et
1195 787 1364 851 palma
1390 788 1574 850 ubique
1600 792 1735 835 nasci
1760 796 1847 835 aut

366 876 486 915 nata
526 885 703 932 parere
744 867 839 923 vel,
885 885 999 914 cum
1039 871 1267 931 promisit
1309 870 1464 914 etiam
1506 868 1847 932 ostenditque,

366 949 596 1003 educare,
616 955 877 1010 tamquam
902 950 1058 994 invita
1079 950 1350 1011 pepererit.
1423 965 1522 994 non
1550 947 1706 995 habet
1721 951 1846 995 vires

366 1028 532 1075 frutex
575 1031 791 1074 cinnami
832 1031 883 1073 in
925 1027 1097 1091 Syriae
1140 1030 1300 1073 vicina
1339 1028 1681 1091 perveniendi.
1747 1046 1847 1076 non

364 1108 532 1155 ferunt
582 1111 765 1154 amomi
822 1108 1064 1170 nardique
1115 1107 1324 1154 deliciae
1382 1125 1445 1154 ne
1504 1111 1554 1153 in
1607 1109 1846 1155 Arabiam

365 1190 568 1251 quidem
595 1206 656 1235 ex
685 1188 829 1234 India
849 1195 901 1234 et
920 1205 1046 1234 nave
1061 1191 1369 1251 peregrinari
1387 1203 1398 1243 3
1426 1192 1697 1252 temptavit
1714 1193 1846 1236 enim

266 1276 342 1315 136
368 1269 603 1316 Seleucus
622 1285 726 1315 rex.
796 1268 917 1315 illud
935 1271 1155 1314 maxime
1183 1271 1381 1324 mirum,
1399 1271 1531 1331 ipsas
1549 1269 1844 1332 plerumque

363 1351 562 1395 arbores
584 1352 777 1395 exorari
798 1355 854 1395 ut
874 1352 1045 1395 vivant
1065 1356 1218 1411 atque
1238 1351 1556 1411 tramigrent,
1578 1348 1845 1412 aliquando

363 1437 416 1475 et
443 1447 469 1475 a
489 1430 591 1475 solo
610 1432 868 1492 impetrari
889 1436 945 1475 ut
965 1429 1151 1475 alienas
1172 1429 1274 1475 alat
1293 1429 1612 1491 advenasque
1637 1433 1844 1486 nutriat,

362 1510 554 1556 caelum
603 1510 736 1555 nullo
783 1509 933 1555 modo
981 1508 1132 1555 flecti.
1200 1511 1320 1555 vivit
1367 1512 1418 1555 in
1467 1509 1615 1555 Italia
1658 1512 1844 1573 piperis

363 1591 523 1645 arbor,
546 1593 708 1635 casiae
733 1606 849 1635 vero
873 1592 1028 1635 etiam
1050 1593 1101 1634 in
1124 1589 1508 1652 septentrionali
1529 1589 1696 1653 plaga,
1720 1592 1844 1636 vixit

362 1673 412 1715 in
439 1670 600 1733 Lydia
625 1673 765 1725 turis,
791 1669 880 1715 sed
906 1669 1040 1716 unde
1070 1670 1330 1716 sorbentes
1356 1685 1529 1716 sucum
1555 1686 1755 1716 omnem
1781 1687 1843 1716 ex

263 1758 337 1797 137
364 1749 437 1796 his
499 1750 624 1796 soles
685 1757 1023 1812 coquentesve
1084 1750 1372 1795 lacrimam?
1439 1749 1560 1796 illud
1617 1753 1844 1814 proxime

359 1834 557 1886 mirum,
592 1833 776 1876 mutari
811 1838 1044 1876 naturam
1078 1833 1129 1875 in
1163 1830 1342 1876 iisdem
1375 1829 1494 1876 locis
1514 1831 1532 1859 2
1568 1837 1720 1892 atque
1753 1848 1844 1894 pro

361 1911 568 1956 indiviso
599 1910 779 1956 valere.
847 1910 1052 1956 cedrum
1085 1913 1327 1956 aestuosis
1355 1911 1582 1974 partibus
1613 1910 1843 1966 dederat,

361 1997 439 2037 set
458 1991 477 2019 3
501 1993 550 2035 111
573 1990 737 2053 Lyciis
760 1988 1090 2054 Phrygiisque
1112 1991 1366 2036 montibus
1386 1993 1621 2036 nascitur.
1689 1989 1842 2054 frigus

592 2108 599 2130 ¹
634 2107 748 2145 nasci
772 2104 877 2158 <nisi
900 2107 941 2145 in
965 2104 1153 2159 Iudaea>
1175 2106 1348 2145 Bostock
1367 2106 1454 2145 and
1474 2105 1610 2157 R-iley.

585 2160 598 2182 ²
630 2160 730 2198 locis
751 2173 829 2198 om.
853 2161 918 2198 v.l.

583 2214 597 2236 ³
630 2213 849 2264 Mayhoff:
881 2218 937 2252 et.

413 2392 428 2408 ‘¹
461 2385 647 2424 Bostock
689 2386 775 2423 and
818 2385 940 2436 Riley
981 2398 1150 2424 assume
1191 2385 1287 2423 that
1329 2385 1401 2424 the
1440 2385 1579 2424 words
1621 2385 1630 2400 ‘
1649 2385 1755 2424 than
1796 2386 1837 2424 in

356 2438 494 2478 Judea
516 2440 524 2454 ⁹
548 2439 657 2478 have
678 2439 806 2477 fallen
826 2446 916 2477 out.

410 2491 425 2515 ⁶
455 2492 658 2544 Literally
681 2493 689 2508 ‘
709 2498 756 2531 at
777 2505 833 2531 an
854 2491 1087 2530 undivided
1109 2490 1230 2531 rate?

355 2568 445 2625 476
