1909 2998
593 185 838 231 PLINY:
902 185 1231 232 NATURAL
1276 186 1571 234 HISTORY

343 312 469 358 Cato
488 311 658 358 docuit
680 315 850 357 vinum
874 312 980 358 fieri
1001 328 1029 358 e
1052 315 1193 374 nigra
1216 315 1403 359 siccata
1425 329 1582 375 usque
1605 315 1656 359 in
1679 313 1823 360 aridi-

341 422 504 462 tatem
522 418 574 460 in
590 415 766 461 umbra
785 422 939 478 atque
959 418 1032 461 ita
1051 423 1217 461 musto
1236 416 1424 462 indita:
1457 419 1498 462 si
1518 433 1618 462 non
1636 419 1822 463 siccen-

341 527 423 566 tur
441 520 614 574 bacae,
633 519 798 565 oleum
818 522 971 582 gigni.
1038 526 1217 582 postea
1233 526 1530 583 conpertum
1550 527 1603 566 et
1622 537 1685 567 ex
1710 520 1823 566 alba

341 627 509 669 vinum
546 623 651 670 fieri
687 623 873 679 album,
909 623 1102 669 duobus
1138 627 1368 670 sextariis
1403 627 1556 687 myrti
1591 631 1736 671 tusae
1772 628 1822 671 in

340 731 439 774 vini
458 729 617 774 tribus
636 727 848 773 heminis
869 735 1154 774 maceratae
1176 744 1560 791 expressaeque.
1628 728 1748 775 folia
1768 736 1821 776 et

337 849 429 895 per
461 849 513 878 se
548 835 797 878 siccantur
830 835 882 877 in
915 831 1126 877 farinam
1161 832 1225 878 ad
1258 832 1482 878 ulcerum
1514 833 1739 879 remedia
1771 836 1822 878 in

337 953 541 999 corpore
585 934 804 981 humano
847 935 1029 981 leniter
1071 935 1292 981 mordaci
1332 935 1538 999 pulvere
1583 952 1639 982 ac
1682 935 1822 982 refri-

240 1045 316 1083 124
339 1040 571 1102 gerandis
602 1038 877 1085 sudoribus.
947 1042 1221 1102 quinimmo
1251 1038 1361 1085 oleo
1392 1056 1610 1102 quoque,
1640 1042 1820 1086 mirum

337 1143 492 1198 dictu,
543 1146 673 1188 inest
726 1142 930 1205 quidam
980 1145 1079 1188 vini
1130 1158 1276 1206 sapor
1326 1143 1571 1205 simulque
1621 1145 1820 1207 pinguis

336 1247 512 1309 liquor,
545 1249 817 1310 praecipua
852 1248 898 1292 vi
934 1246 998 1292 ad
1032 1245 1329 1309 corrigenda
1363 1249 1477 1291 vina
1511 1249 1665 1292 saccis
1700 1254 1819 1293 ante

335 1349 574 1413 perfusis:
619 1353 808 1396 retinet
836 1352 1021 1412 quippe
1049 1348 1263 1404 faecem,
1291 1366 1383 1395 nec
1409 1356 1614 1412 praeter
1637 1366 1819 1413 purum

336 1453 579 1516 liquorem
607 1456 818 1499 transire
845 1456 1039 1516 patitur
1066 1452 1256 1515 datque
1285 1469 1339 1499 se
1367 1455 1605 1499 comitem
1630 1456 1820 1516 praeci-

335 1574 436 1621 pua
478 1556 917 1603 commendatione
961 1556 1168 1619 liquato.
1237 1559 1406 1619 virgae
1452 1573 1650 1619 quoque
1696 1560 1819 1612 eius,

334 1668 566 1723 gestatae
587 1660 737 1706 modo
758 1663 952 1715 viatori,
970 1667 1181 1723 prosunt
1201 1663 1251 1705 in
1270 1660 1420 1722 longo
1440 1663 1620 1705 itincre
1639 1660 1815 1723 pediti.

336 1768 455 1827 quin
487 1771 540 1810 et
571 1767 727 1826 virgei
759 1764 892 1809 anuli
925 1771 1161 1827 expertes
1194 1762 1311 1809 ferri
1342 1767 1602 1826 inguinum
1634 1767 1815 1809 tumori

334 1868 614 1914 medentur.

236 1979 313 2017 125
400 1971 692 2018 XXXVIII.
720 1971 915 2017 Bellicis
939 1988 1138 2034 quoque
1159 1987 1211 2017 se
1232 1971 1379 2017 rebus
1400 1973 1624 2026 inseruit,
1642 1974 1816 2017 trium-

332 2075 592 2139 phansque
616 2075 679 2121 de
701 2074 894 2120 Sabinis
917 2073 969 2120 P.
990 2073 1273 2120 Postumius
1293 2075 1542 2121 Tubertus
1567 2077 1618 2120 in
1641 2091 1815 2121 consu-

334 2179 457 2234 latu,
484 2182 566 2241 qui
596 2182 784 2242 primus
814 2182 1036 2224 omnium
1063 2195 1213 2224 ovans
1241 2181 1490 2241 ingressus
1517 2178 1692 2224 urbem
1719 2185 1814 2233 est,

335 2286 568 2346 quoniam
586 2299 690 2328 rem
707 2282 888 2327 leniter
904 2285 1009 2327 sine
1030 2298 1202 2328 cruore
1222 2288 1448 2345 gesserat
1466 2289 1632 2344 myrto
1651 2281 1814 2328 Vene-

332 2390 396 2432 ris
423 2389 633 2432 victricis
658 2393 922 2431 coronatus
953 2388 1154 2431 incessit
1185 2385 1558 2448 optabilemque
1585 2386 1812 2430 arborem

332 2493 487 2536 etiam
536 2488 760 2535 hostibus
810 2488 946 2534 fecit.
1014 2487 1139 2534 haec
1186 2495 1365 2552 postea
1413 2491 1669 2534 ovantium
1718 2487 1812 2534 fujt

334 2587 420 2630 372
