1909 2998
250 359 301 397 43

251 758 304 794 44

254 1290 306 1326 45

252 1821 305 1859 46

589 222 832 268 PLINY:
897 221 1227 268 NATURAL
1270 221 1568 269 HISTORY

337 368 461 405 rem,
496 349 690 396 fertilis.
757 366 962 412 pomum
996 352 1159 412 ipsum
1189 349 1398 412 grande,
1432 349 1629 406 durum,
1662 348 1815 396 horri-

335 418 454 463 dum
490 424 544 463 et
578 433 607 462 a
640 419 822 462 ceteris
857 417 1124 478 generibus
1160 416 1351 462 distans
1386 433 1562 480 sapore
1598 417 1814 479 quodam

334 483 525 529 ferinae
560 486 610 528 in
646 485 776 546 apris
813 482 1204 538 evidentissimo,
1239 499 1369 545 quae
1402 499 1553 529 causa
1586 486 1813 529 nominis.

336 558 515 612 quarta
544 552 814 595 auctoritas
844 549 1158 595 sandalidum
1188 565 1216 594 a
1244 549 1569 595 similitudine
1599 549 1816 613 appella-

334 625 529 670 tarum3
579 619 680 661 iam
713 619 764 660 in
798 615 1101 679 Aethiopiae
1136 615 1233 661 fine
1268 620 1488 678 quinque
1521 615 1698 662 harum
1732 619 1815 678 qui

333 683 572 746 plurimas
606 683 806 728 arbores
840 682 1065 737 tradunt,
1099 698 1198 728 non
1231 686 1439 728 raritate
1472 685 1632 745 magis
1665 699 1815 745 quam

337 752 585 795 suavitate
622 748 887 795 mirabiles.
957 749 1021 794 ab
1055 748 1130 794 his
1165 756 1402 812 caryotae
1436 752 1654 795 maxime
1688 749 1817 795 cele-

335 817 561 871 brantur,
595 823 648 861 et
681 817 792 861 cibo
826 815 1030 878 quidem
1063 815 1153 861 sed
1187 822 1239 861 et
1272 832 1389 861 suco
1421 816 1721 871 uberrimae,
1753 832 1816 862 ex

335 884 514 945 quibus
543 885 815 946 praecipua
844 886 958 928 vina
987 885 1186 937 orienti,
1215 885 1416 928 inimica
1435 882 1454 912 ¹
1482 885 1653 946 capiti,
1683 882 1816 928 unde

333 966 485 1012 pomo
517 965 715 995 nomen.
785 949 874 994 sed
908 956 964 995 ut
996 952 1140 1012 copia
1172 949 1240 994 ibi
1275 956 1428 1011 atque
1461 948 1713 1005 fertilitas,
1745 952 1818 996 ita

336 1016 568 1061 nobilitas
586 1019 636 1061 in
656 1015 861 1070 Iudaea,
878 1032 971 1061 nec
987 1018 1038 1061 in
1054 1023 1165 1061 tota
1180 1015 1270 1061 sed
1287 1016 1582 1062 Hiericunte
1598 1019 1816 1062 maxime

337 1099 641 1144 quamquam
665 1082 872 1128 laudata
895 1090 948 1128 et
971 1081 1273 1128 Archelaide
1298 1089 1351 1128 et
1375 1080 1639 1128 Phaselide
1663 1089 1817 1145 atque

338 1149 563 1204 Liviade,
600 1152 767 1211 gentis
806 1149 1031 1195 eiusdem
1068 1148 1387 1195 convallibus.
1455 1149 1544 1195 dos
1581 1152 1639 1195 iis
1675 1165 1818 1213 prae-

335 1219 482 1279 cipua
548 1232 665 1261 suco
727 1218 902 1278 pingui
967 1215 1272 1262 lactentibus
1337 1215 1655 1278 quodamque
1718 1218 1817 1261 vini

340 1299 515 1345 sapore
568 1283 664 1328 ut2
715 1285 765 1327 in
817 1281 965 1328 melle
1011 1282 1283 1345 praedulci.
1349 1284 1577 1329 sicciores
1618 1299 1681 1328 ex
1725 1281 1818 1328 hoc

335 1365 523 1411 genere
543 1348 739 1404 nicolai,
759 1349 849 1395 sed
874 1348 1215 1411 amplitudinis
1238 1351 1559 1412 praecipuae,
1583 1352 1814 1411 quaterni

336 1416 618 1461 cubitorum
657 1415 1024 1478 longitudinem
1061 1415 1297 1461 efficiunt.
1365 1419 1527 1461 minus
1565 1418 1817 1479 speciosae

336 1482 426 1528 sed
454 1498 630 1545 sapore
659 1489 977 1544 caryotarum
1007 1498 1198 1528 sorores
1228 1489 1281 1528 et
1311 1482 1374 1528 ob
1403 1481 1496 1528 hoc
1525 1481 1817 1546 adelphides

336 1548 504 1594 dictae
553 1552 834 1612 proximam
885 1551 1187 1595 suavitatem
1238 1547 1446 1605 habent,
1496 1565 1596 1594 non
1645 1556 1819 1594 tamen

337 1615 566 1661 eandem.
635 1618 843 1661 tertium
901 1632 963 1661 ex
1020 1614 1095 1661 his
1151 1631 1328 1678 genus,
1382 1622 1611 1679 patetae,
1666 1618 1819 1661 nimio

336 1681 527 1743 liquore
561 1682 786 1728 abundat
818 1685 1107 1745 rumpitque
1140 1699 1193 1728 se
1225 1685 1361 1745 pomi
1394 1685 1547 1746 ipsius
1581 1684 1736 1728 etiam
1767 1685 1818 1727 in

338 1765 426 1794 sua
448 1756 609 1794 matre
633 1750 869 1804 ebrietas,
890 1749 1093 1795 calcatis
1115 1748 1300 1794 similis.

401 1814 556 1861 Suum
593 1832 752 1878 genus
791 1832 817 1861 e
855 1818 1058 1862 sicciore
1095 1816 1244 1862 turba
1280 1814 1511 1879 dactylis,
1546 1814 1819 1878 praelonga

868 1956 884 1980 ²
915 1955 1121 1994 Mueller:
1152 1956 1312 2005 iniqua.

866 2009 882 2032 ²
910 2015 960 2048 ut
979 2008 1072 2048 add.
1095 2009 1320 2049 Rackkam.

380 2189 409 2249 ‘⁰
440 2182 593 2250 ReaUX
616 2183 821 2249 ‘meaning
852 2181 861 2197 ‘
881 2181 1173 2251 nut-shapedss
1203 2181 1282 2220 but
1310 2182 1525 2250 su’pposed
1553 2186 1600 2221 to
1629 2182 1680 2221 be
1708 2181 1816 2221 from

341 2236 716 2328 καῗαῦῖᾒῖἕῗτδὲιξ]
725 2236 1028 2328 Ἕῗοεξῗαιῐιέθὲἓ
1039 2235 1612 2339 Βὲιῑέὲιξῖῗιῖθέ.Ρετίρειῐθιίο
1635 2287 1816 2339 philoso-

339 2342 457 2392 pher,
484 2342 594 2389 who,
619 2342 742 2381 when
770 2342 948 2393 visiting
979 2342 1117 2381 Rome
1144 2341 1250 2381 with
1279 2341 1426 2381 Herod
1452 2341 1529 2381 the
1557 2340 1703 2389 Great,
1726 2353 1816 2392 pre-

339 2395 488 2457 sented
511 2395 586 2467 the
612 2395 739 2435 finesb
767 2396 890 2435 dates
919 2395 1170 2446 procurable
1198 2400 1246 2434 to
1275 2394 1524 2446 Augustus:
1566 2394 1817 2434 Athenaeus

342 2448 552 2540 ᾸΙΦἚΙΞΞΘ.
584 2501 794 2552 probably
825 2501 901 2539 the
940 2514 1066 2541 name
1098 2514 1185 2540 was
1217 2500 1301 2539 due
1333 2504 1380 2540 to
1412 2500 1525 2540 their
1554 2501 1742 2553 growing
1774 2501 1817 2540 in

340 2556 453 2606 pairs
471 2568 525 2594 on
544 2555 618 2594 the
635 2567 753 2594 same
769 2554 897 2594 stalk.

344 2647 426 2687 124
