1925 2998
543 197 788 243 PLINY:
853 196 1184 243 NATURAL
1229 196 1527 243 HISTORY

296 327 396 377 usi;
449 323 704 368 maximal
741 326 791 368 in
832 322 996 385 Cypro
1032 323 1265 377 traditur,
1302 323 1366 369 ad
1402 323 1774 370 undeciremem

296 404 542 449 Demetrii
580 405 784 458 succisa,
809 417 931 448 cxxx
967 403 1172 464 pedum,
1197 402 1535 449 crassitudinis
1561 420 1676 449 vero
1711 404 1773 450 ad

292 486 443 529 trium
479 482 738 528 hominurn
773 482 1089 544 conplexum.
1159 482 1460 528 Germaniae
1496 483 1774 545 praedones

292 563 495 625 singulis
519 562 776 608 arboribus
798 565 986 608 cavatis
1010 564 1267 625 navigant,
1289 578 1500 624 quarum
1523 562 1772 624 quaedam

293 650 345 688 et
366 657 460 687 xxx
481 641 705 688 homines
726 641 910 688 ferunt.

189 728 269 767 ‘204
356 722 659 784 Spississima
692 738 754 767 ex
791 725 925 767 omni
961 724 1192 777 materie,
1227 722 1343 767 ideo
1379 729 1432 768 et
1467 726 1774 785 gravissima,

290 802 539 848 iudicatur
562 801 788 847 hebenus
814 809 867 847 et
890 801 1072 857 buxus,
1096 801 1306 864 graciles
1331 809 1526 848 natura.
1595 810 1774 849 neutra

289 885 339 928 in
375 885 514 944 aquis
550 881 764 937 fluvitat,
801 897 893 927 nec
929 882 1079 927 suber
1113 884 1153 927 si
1187 881 1422 927 dematur
1455 888 1646 938 cortex,
1681 899 1774 929 nec

289 962 428 1008 larix.
497 979 560 1007 ex
592 961 795 1023 reliquis
829 963 1124 1023 spississima
1155 960 1283 1007 lotos
1317 977 1447 1023 quae
1481 961 1670 1008 Romae
1702 965 1774 1009 ita

289 1042 587 1104 appellatur,
613 1041 732 1088 dein
757 1042 907 1087 robur
933 1041 1336 1087 exalburnatum.
1406 1048 1459 1087 et
1484 1041 1598 1088 huic
1624 1045 1773 1105 nigri-

287 1139 403 1168 cans
451 1122 584 1168 color
629 1124 891 1184 magisque
941 1125 1096 1167 etiam
1143 1124 1321 1184 cytiso,
1370 1137 1499 1183 quae
1547 1125 1772 1184 proxime

288 1202 528 1248 accedere
565 1201 819 1247 hebenum
857 1201 1072 1257 videtur,
1110 1217 1416 1263 quamquam
1454 1218 1553 1247 non
1589 1202 1772 1248 desunt

185 1288 264 1328 205
290 1285 374 1344 qui
409 1281 634 1345 Syriacas
668 1280 982 1327 terebinthos
1018 1284 1258 1344 nigriores
1294 1280 1577 1328 adfirment.
1643 1281 1772 1328 cele-

286 1362 496 1408 bratur2
537 1369 589 1407 et
629 1360 881 1407 Thericles
922 1364 1121 1407 nomine
1161 1361 1339 1407 calices
1381 1378 1444 1407 ex
1483 1361 1771 1408 terebintho

285 1442 458 1488 solitus
499 1441 664 1488 facere
705 1448 879 1487 torno:
937 1457 1182 1504 perquam
1223 1441 1465 1503 probatur
1504 1445 1770 1497 materies;

285 1526 506 1567 omnium
554 1521 678 1567 haec
726 1521 829 1567 sola
876 1524 1031 1584 ungui
1075 1521 1180 1567 vult
1226 1521 1500 1583 meliorque
1546 1521 1602 1567 fit
1643 1522 1767 1568 oleo.

286 1602 416 1648 colos
468 1605 590 1647 mire
643 1601 956 1647 adulteratur
1006 1601 1242 1664 iuglande
1295 1618 1350 1647 ac
1401 1605 1508 1663 piro
1559 1601 1769 1648 silvestri

284 1684 454 1728 tinctis
477 1688 630 1744 atque
654 1685 704 1726 in
726 1681 1059 1727 medicamine
1082 1681 1319 1727 decoctis.
1389 1682 1616 1727 omnibus
1639 1698 1768 1744 quae

180 1768 259 1807 206
282 1762 496 1807 diximus
531 1765 687 1823 spissa
722 1761 943 1807 firmitas.
1014 1762 1077 1806 ab
1110 1764 1167 1806 iis
1200 1764 1429 1823 proxima
1463 1769 1540 1807 est
1573 1778 1768 1818 cornus,

284 1858 588 1904 quamquam
643 1858 742 1887 non
796 1848 965 1902 potest
1019 1840 1219 1886 nitere³
1273 1844 1508 1887 materies
1562 1849 1768 1904 propter

284 1921 582 1976 exilitatem,
630 1921 719 1967 sed
767 1921 957 1983 lignum
1005 1937 1103 1966 non
1152 1921 1247 1966 alio
1292 1937 1455 1984 paene
1505 1937 1656 1983 quam
1703 1922 1767 1968 ad

282 2001 445 2047 radios
482 2008 704 2046 rotarum
742 2001 865 2046 utile
904 2008 991 2046 aut
1029 2004 1067 2046 si
1106 2001 1225 2062 quid
1261 2000 1579 2046 cuneandum
1615 2004 1679 2047 sit
1715 2005 1765 2047 in

283 2081 417 2144 ligno
459 2080 669 2126 clavisve
715 2080 971 2143 figendum
1013 2097 1106 2125 ceu
1149 2079 1337 2126 ferreis.
1406 2080 1504 2125 ilex
1546 2084 1670 2126 item
1712 2088 1765 2127 et

611 2202 626 2225 ¹
660 2200 878 2251 Maykoff:
913 2202 1102 2239 maxima
1123 2214 1185 2240 ea.

616 2257 630 2278 ²²·
660 2254 894 2293 celebravit
914 2255 963 2293 M
967 2254 1119 2304 ayhofs.

613 2309 628 2330 ³
658 2309 823 2347 nitere?
857 2307 1053 2358 Mayhoff
1069 2308 1137 2359 (cs.
1163 2309 1256 2356 186)
1277 2323 1285 2346 :
1319 2308 1465 2347 videri.

847 2513 864 2530 ⁰
893 2506 968 2546 See
989 2520 1028 2557 p.
1051 2507 1130 2545 468
1151 2519 1193 2546 n.
