1909 2998
199 806 251 844 66

201 1458 254 1497 67

207 2019 258 2056 68

533 203 775 249 PLINY:
840 201 1168 248 NATURAL
1213 200 1507 246 HISTORY

280 339 550 394 proventus
582 347 900 393 occasusque.
969 333 1137 375 iuncta
1169 331 1226 374 iis
1258 330 1498 389 praeponi
1529 327 1756 374 solebant

281 425 468 472 Calena
521 432 574 470 et
627 441 757 487 quae
809 427 860 469 in
913 426 1067 468 vineis
1121 422 1437 483 arbustisque
1488 428 1758 467 nascuntur

283 519 526 564 Fundana
559 525 611 563 et
644 517 741 563 alia
776 533 838 563 ex
871 519 1049 562 vicinia
1082 516 1233 569 urbis,
1264 514 1538 568 Veliterna‚
1572 514 1760 561 Priver-

281 615 435 658 natia.
502 627 619 656 nam
649 611 782 673 quod
811 609 1010 673 Signiae
1039 612 1257 655 nascitur
1285 610 1581 654 austeritate
1609 610 1760 653 nimia

281 704 617 752 continendae
641 703 764 750 utile
788 703 897 749 alvo
919 705 1052 748 inter
1074 702 1410 748 medicamina
1433 708 1739 747 numeratur.

346 798 594 856 Quartum
610 796 905 843 curriculum
920 795 1128 858 publicis
1147 794 1302 856 epulis
1320 797 1581 856 optinuere
1602 811 1630 839 a
1648 794 1761 840 divo

285 891 513 937 Iulio—is
565 894 698 937 enim
747 893 934 952 primus
986 891 1342 935 auctoritatem
1390 890 1448 934 iis
1498 887 1656 942 dedit,
1705 895 1761 934 ut

285 984 506 1047 epistulis
544 987 648 1030 eius
684 982 1272 1045 apparet—Mamertina
1306 984 1436 1027 circa
1473 981 1761 1026 Messanam

283 1082 334 1124 in
361 1077 524 1124 Sicilia
551 1080 753 1141 genita3
792 1093 853 1123 ex
880 1075 954 1122 his
985 1075 1239 1121 Potitiana
1257 1074 1276 1104 1
1305 1075 1367 1120 ab
1396 1081 1598 1120 auctore
1627 1073 1762 1120 dicta

282 1171 365 1218 illo
389 1174 702 1234 cognomine,
725 1173 953 1232 proxima
981 1169 1159 1215 Italiae
1183 1168 1454 1214 laudantur
1476 1171 1760 1229 praecipue.

286 1272 361 1311 est
381 1268 432 1310 in
453 1265 632 1311 eadem
653 1263 819 1310 Sicilia
840 1270 893 1309 et
912 1263 1345 1308 Tauromenitanis
1365 1260 1520 1307 honos
1539 1260 1762 1324 lagoem‘s

285 1375 373 1420 pro
400 1357 706 1404 Mamertino
729 1356 1025 1419 plerumque
1050 1355 1276 1401 subditis.

350 1451 427 1497 Ex
444 1451 642 1513 reliquis
661 1457 831 1496 autem
848 1467 876 1495 a
893 1466 1071 1511 supero
1088 1452 1214 1494 mari
1230 1448 1559 1495 Praetutiana
1572 1446 1591 1475 2
1610 1455 1764 1510 atque

287 1545 526 1591 Anconae
549 1547 824 1598 nascentia,
850 1551 902 1589 et
928 1559 1056 1606 quae
1083 1559 1111 1587 a
1134 1541 1302 1604 palma
1325 1558 1426 1587 una
1454 1541 1584 1587 forte
1615 1548 1766 1587 enata

286 1638 563 1701 palmensia
580 1637 914 1700 appellavere,
931 1640 982 1682 in
999 1636 1370 1682 mediterraneo
1386 1651 1503 1681 vero
1521 1633 1766 1680 Caesena-

286 1736 358 1778 tia
403 1748 460 1778 ac
508 1731 915 1785 Maecenatiana,
959 1733 1010 1775 in
1054 1729 1346 1775 Veroniensi
1390 1731 1514 1774 item
1559 1727 1766 1774 Raetica

290 1825 508 1871 Falernis
538 1832 739 1871 tantum
771 1823 992 1886 postlata
1023 1840 1051 1868 a
1081 1821 1319 1885 Vergilio,
1349 1838 1467 1868 mox
1497 1821 1560 1867 ab
1590 1823 1766 1867 intimo

289 1922 397 1964 sinu
435 1922 583 1964 maris
621 1917 897 1971 Hadriana,
935 1917 997 1962 ab
1035 1916 1194 1962 infero
1232 1922 1404 1961 autem
1442 1914 1767 1969 Latiniensia,

291 2011 610 2066 Graviscana,
651 2011 1006 2057 Statoniensia.
1074 2009 1306 2055 Etruriae
1357 2008 1499 2053 Luna
1548 2007 1764 2070 palmam

290 2103 462 2159 habet,
497 2104 729 2167 Liguriae
757 2103 950 2150 Genua.
1017 2106 1149 2149 inter
1174 2101 1487 2164 Pyrenaeum
1513 2100 1766 2162 Alpesque

295 2197 519 2243 Massilia
553 2200 754 2260 gemino
789 2212 982 2258 sapore,
1019 2195 1218 2257 quando
1253 2202 1305 2241 et
1339 2193 1626 2241 condiendis
1662 2193 1767 2239 aliis

592 2321 609 2346 1
639 2320 778 2358 Dalcc.
799 2319 924 2368 coll.§
944 2320 995 2357 69
1015 2334 1023 2357 :
1057 2318 1282 2357 Potulana.

587 2373 603 2396 2
633 2373 844 2412 Rackham
865 2372 954 2411 coll.
979 2372 997 2421 ξ
1018 2373 1092 2412 75;
1128 2371 1365 2411 Praetutia.

816 2529 834 2547 ⁰
863 2521 951 2562 The
971 2523 1139 2561 Tusean
1161 2521 1253 2561 Sea.

299 2608 387 2653 230
