1909 2998
271 307 321 344 37

266 961 317 997 38

261 1707 312 1745 39

610 171 855 217 PLINY:
920 171 1251 218 NATURAL
1295 171 1594 219 HISTORY

359 315 456 345 non
504 301 554 344 in
602 299 862 353 arborem;
924 315 1044 361 ergo
1089 298 1339 362 plantaria
1385 301 1656 346 instituunt
1702 302 1839 347 anni-

353 392 588 455 culasque
617 391 931 438 transferunt
958 399 1011 437 et
1038 394 1222 438 iterum
1249 393 1426 448 bimas,
1452 392 1680 456 gaudent
1706 396 1838 440 enim

354 488 634 532 mutatione
664 485 815 541 sedis,
846 501 999 531 verna
1029 484 1165 541 alibi,
1194 488 1244 531 in
1274 485 1481 548 Assyria
1509 493 1682 533 autem
1709 490 1839 534 circa

351 582 486 625 canis
527 585 681 625 ortus.
750 595 844 624 nec
885 577 1018 624 ferro
1061 581 1321 641 attingunt
1363 579 1431 624 ibi
1472 579 1709 636 novellas,
1749 580 1838 627 sed

352 672 567 735 religant
600 689 767 718 comas
802 679 860 718 ut
894 674 945 717 in
980 671 1302 718 altitudinem
1338 680 1539 719 exeant.
1606 673 1836 721 robustas

350 765 601 829 deputant
635 765 976 812 crassitudinis
1012 768 1194 828 gratia,
1224 765 1557 829 semipedales
1586 783 1837 814 ramorum

350 867 550 905 truncos
575 859 936 921 relinquentes,
963 861 1047 921 qui
1072 858 1228 905 decisi
1254 858 1371 904 alibi
1395 866 1580 905 necant
1604 867 1833 908 matrem.

352 953 568 999 diximus
592 952 776 999 salsum
802 953 865 998 ab
888 950 963 998 his
988 952 1147 998 solum
1171 951 1340 1015 diligi;
1383 969 1503 1016 ergo
1527 953 1611 999 ubi
1635 970 1734 1000 non
1758 962 1835 1002 est

349 1045 450 1092 tale
470 1046 626 1092 salem
645 1052 938 1109 aspergunt,
958 1063 1057 1091 non
1076 1045 1327 1092 radicibus
1347 1045 1437 1092 sed
1456 1045 1650 1109 longius
1667 1048 1832 1111 paulo.

349 1138 598 1201 quaedam
631 1142 682 1185 in
715 1138 858 1202 Syria
893 1146 946 1185 et
980 1139 1220 1202 Aegypto
1255 1141 1305 1184 in
1339 1139 1482 1185 binos
1516 1156 1570 1185 se
1604 1139 1834 1189 dividunt

348 1240 565 1288 truncos,
614 1235 665 1278 in
715 1232 867 1278 Creta
926 1239 979 1278 et
1030 1234 1081 1277 in
1131 1239 1319 1287 ternos,
1370 1232 1722 1296 quaedamque
1780 1242 1833 1282 et

347 1329 537 1388 quinos.
606 1325 777 1372 ferunt
818 1328 991 1372 statim
1038 1328 1088 1371 in
1130 1328 1357 1381 trimatu,
1399 1328 1450 1371 in
1492 1325 1657 1390 Cypro
1698 1343 1832 1385 vero,

346 1418 505 1482 Syria,
535 1420 792 1482 Aegypto,
823 1419 1135 1482 quadrimae,
1167 1419 1294 1465 aliae
1326 1422 1692 1482 quinquennes,
1722 1420 1831 1468 alti-

346 1513 521 1559 tudine
546 1512 777 1568 hominis,
804 1512 939 1559 nullo
965 1515 1099 1559 intus
1124 1515 1261 1577 pomi
1286 1512 1422 1576 ligno
1448 1513 1688 1576 quamdiu
1714 1521 1831 1561 sunt

346 1606 587 1663 novellae,
611 1606 675 1652 ob
699 1605 750 1653 id
774 1606 1054 1670 spadonum
1079 1613 1290 1670 accepto
1314 1608 1531 1653 nomine.

413 1700 500 1745 IX.
536 1700 736 1745 Genera
760 1716 933 1746 earum
968 1699 1143 1746 multa.
1213 1699 1464 1746 sterilibus
1493 1700 1556 1746 ad
1592 1704 1828 1748 materias

343 1810 652 1857 operumque
693 1792 907 1839 lautiora
949 1796 1110 1839 utitur
1151 1794 1357 1857 Assyria
1399 1800 1452 1839 et
1494 1800 1605 1840 tota
1647 1792 1824 1841 Persis.

343 1894 460 1932 sunt
509 1893 562 1933 et
609 1886 833 1933 caeduae
881 1886 1162 1950 palmarum
1212 1903 1412 1949 quoque
1461 1886 1613 1933 silvae
1661 1904 1826 1934 rursus

341 1983 682 2042 germinantes
738 1981 801 2025 ab
855 1980 1023 2026 radice
1079 1983 1328 2034 succisae;
1399 1979 1555 2026 dulcis
1608 1980 1827 2027 medulla

342 2090 514 2119 earum
577 2076 627 2118 in
689 2076 966 2128 cacumine,
1030 2073 1163 2135 quod
1225 2073 1487 2119 cerebrum
1551 2073 1824 2137 appellant,

342 2174 681 2230 exemptaque
748 2170 939 2222 vivunt,
1007 2166 1141 2228 quod
1207 2183 1306 2212 non
1373 2166 1516 2212 aliae.
1584 2175 1824 2214 vocantur

341 2267 513 2305 autem
546 2258 920 2323 chamaeropes,
953 2258 1071 2305 folio
1103 2259 1280 2305 latiore
1314 2276 1371 2305 ac
1403 2259 1539 2305 molli
1571 2259 1636 2306 ad
1667 2260 1823 2307 vitilia

840 2483 858 2502 ⁰
883 2478 906 2517 I
913 2493 959 2519 .e.
981 2479 1114 2518 forms
1133 2491 1189 2517 no
1209 2478 1342 2518 secds.
