1909 2998
237 433 313 471 125

245 1233 321 1271 126

250 2034 326 2070 127

591 197 836 243 PLINY:
902 196 1232 243 NATURAL
1277 195 1574 243 HISTORY

339 332 484 372 scunt
521 340 730 387 corpora
768 322 1052 386 faciemque
1091 322 1335 369 invadunt
1373 326 1515 385 ignes
1553 325 1707 378 sacri3
1759 325 1822 370 ob

337 426 388 472 id
416 431 586 472 cerato
617 426 754 487 prius
790 423 1022 469 inlinunt.
1094 423 1394 485 quibusdam
1429 430 1605 469 tamen
1640 423 1824 470 morbis

340 525 567 572 auxiliari
585 524 760 570 dicunt
780 523 965 569 medici
981 525 1287 586 permixtam
1307 522 1431 578 aliis,
1448 525 1573 569 item
1591 522 1825 586 alopeciis

341 624 722 688 suggillatisque
749 640 805 669 ac
829 623 1117 678 liventibus,
1133 639 1228 668 ceu
1251 639 1368 669 vero
1392 622 1619 668 remedia
1642 622 1825 679 desint,

340 732 397 771 ut
416 724 605 771 scelera
623 723 785 770 nova1
809 730 1048 769 tractent.
1112 722 1202 768 sed
1226 725 1323 768 ista
1345 729 1654 786 praetexunt
1678 725 1826 769 noxio

343 829 697 880 instrument0‚
720 830 1023 886 tantumque
1046 822 1377 887 inpudentiae
1401 829 1479 869 est
1501 830 1557 869 ut
1578 839 1827 869 venenum

342 929 462 971 artis
487 941 595 971 esse
618 923 976 988 persuadeant.

403 1024 621 1088 Thapsia
651 1027 703 1070 in
736 1023 909 1069 Africa
941 1022 1401 1070 vehementissima.
1473 1022 1677 1086 quidam
1714 1040 1829 1070 cau-

340 1126 440 1172 lem
457 1124 684 1170 incidunt
699 1141 790 1187 per
806 1140 995 1169 messes
1015 1131 1067 1169 et
1084 1126 1134 1168 in
1152 1126 1260 1187 ipsa
1278 1130 1526 1170 excavant
1543 1123 1712 1169 radice
1731 1140 1828 1185 quo

345 1242 489 1285 sucus
500 1223 737 1280 confluat,
750 1223 1129 1286 arefactumque
1142 1223 1327 1269 tollunt
1340 1237 1352 1277 ;
1371 1222 1452 1268 alii
1467 1221 1604 1279 folia,
1617 1222 1829 1278 caulem,

343 1326 565 1372 radicem
599 1323 822 1371 tundunt
857 1327 908 1369 in
942 1323 1045 1387 pila
1081 1330 1133 1369 et
1169 1340 1343 1369 sucum
1377 1326 1427 1368 in
1463 1323 1566 1369 sole
1600 1330 1829 1370 coactum

344 1425 573 1472 dividunt
623 1428 673 1470 in
722 1424 962 1488 pastillos.
1033 1423 1166 1470 Nero
1218 1423 1402 1470 Caesar
1451 1422 1735 1469 claritatem
1785 1426 1830 1470 ei

345 1526 488 1573 dedit
517 1527 660 1571 initio
688 1527 901 1588 imperii,
926 1526 1180 1570 nocturnis
1210 1524 1602 1586 grassationibus
1629 1540 1832 1569 conver-

346 1627 523 1672 berata
551 1624 680 1671 facie
709 1624 922 1670 inlinens
951 1623 1002 1669 id
1030 1640 1143 1670 cum
1172 1630 1285 1669 ture
1314 1640 1548 1685 ceraque,
1578 1630 1631 1669 et
1659 1630 1832 1669 secuto

346 1726 428 1772 die
479 1732 653 1771 contra
704 1724 891 1770 famam
942 1731 1112 1770 cutem
1163 1726 1408 1769 sinceram
1459 1722 1829 1769 circumferens.

347 1829 516 1889 ignem
553 1824 723 1871 ferulis
760 1827 950 1887 optime
988 1827 1173 1870 servari
1209 1829 1405 1869 certum
1444 1829 1522 1869 est
1559 1839 1745 1885 easque
1782 1825 1833 1868 in

349 1926 588 1988 Aegypto
610 1924 932 1988 praecellere.

415 2023 595 2070 XLIV.
646 2024 746 2070 Ubi
804 2031 856 2069 et
912 2026 1132 2086 cappari,
1190 2023 1414 2068 firmioris
1468 2022 1590 2086 ligni
1648 2021 1834 2078 frutex,

352 2127 654 2186 seminisque
692 2131 745 2169 et
779 2124 901 2169 cibis
937 2123 1145 2185 vulgati,
1177 2122 1319 2168 caule
1357 2138 1557 2184 quoque
1596 2138 1695 2167 una
1728 2121 1833 2185 ple-

352 2240 560 2286 rumque
597 2223 854 2286 decerpto.
923 2222 1148 2268 cavenda
1185 2225 1290 2268 eius
1326 2238 1516 2284 genera
1550 2224 1834 2284 peregrina,

351 2323 598 2386 siquidem
642 2323 883 2367 Arabium
926 2321 1184 2384 pestilens,
1227 2320 1453 2366 Africum
1494 2323 1705 2383 gingivis
1746 2324 1834 2366 ini-

816 2490 825 2512 ²
860 2491 1004 2527 nova?
1038 2487 1256 2538 Mayhofs:
1289 2500 1388 2526 non.

363 2600 443 2642 172
