1909 2998
206 557 258 594 44

210 1731 262 1768 46

541 200 785 246 PLINY:
850 197 1180 245 NATURAL
1226 197 1524 244 HISTORY

289 328 451 374 colore
496 326 606 374 rufo
651 326 915 389 odorisque
962 328 1213 372 suavitate
1261 332 1315 371 et
1360 331 1513 388 gustu
1557 327 1776 372 maxime

290 405 508 448 siccante
533 417 586 447 os
610 417 787 463 sapore
813 400 1045 446 iucundo.

354 473 578 520 Pretium
597 477 763 537 spicae
780 476 831 518 in
846 472 995 518 libras
1018 473 1057 519 Χ
1080 489 1122 519 c.
1169 472 1273 518 folii
1294 472 1507 519 divisere
1529 489 1777 519 annonam

291 547 648 611 amplitudine:
734 544 1163 610 hadrosphaerum
1233 553 1439 592 vocatur
1509 547 1777 592 maioribus

290 621 453 685 pilulis
519 621 558 667 Χ
598 635 752 674 xxxx3
837 619 971 683 quod
1035 622 1225 665 minore
1292 618 1410 664 folio
1476 626 1554 665 est
1618 636 1778 666 meso-

290 694 557 758 sphaerum
586 693 886 757 appellatur,
931 696 1115 738 emitur
1153 693 1193 738 >4
1240 707 1328 746 Lx;
1376 691 1777 738 laudatissimum

292 766 712 832 microsphaerum
763 784 791 813 e
841 769 1058 812 minimis
1108 764 1256 821 foliis,
1304 768 1526 829 pretium
1577 768 1683 812 eius
1735 767 1775 813 Χ

291 857 428 888 mxv.
513 840 676 887 odoris
728 843 893 903 gratia
951 839 1198 894 omnibuS‚
1257 842 1416 884 maior
1473 839 1777 885 recentibus.

235 926 256 960 ἵ
292 914 448 960 nardo
465 914 615 969 colos,
635 918 675 960 si
695 916 1013 968 inveteravit,
1034 915 1221 975 nigrior
1239 911 1472 958 meliori.l
1540 915 1590 957 in
1609 920 1779 958 nostro

291 990 410 1035 orbe
458 991 685 1052 proxime
736 987 970 1033 laudatur
1019 985 1296 1049 Syriacum,
1346 1002 1462 1031 mox
1514 985 1779 1041 Gallicum,

291 1065 444 1108 tertio
473 1061 581 1107 loco
612 1061 883 1116 Creticum,
915 1059 1049 1123 quod
1080 1059 1232 1122 aliqui
1264 1061 1437 1122 agrion
1468 1066 1667 1115 vocant,
1698 1059 1778 1105 alii

292 1135 446 1199 phun,
494 1133 612 1181 folio
661 1134 884 1190 olusatri,
931 1133 1073 1179 caule
1121 1132 1347 1188 cubitali,
1381 1131 1685 1195 geniculato,
1729 1134 1779 1178 in

290 1209 601 1272 purpuram2
644 1208 913 1263 albicante,
956 1207 1124 1253 radice
1167 1205 1370 1268 obliqua
1412 1205 1684 1268 villosaque
1727 1213 1780 1252 et

294 1285 524 1329 imitante
581 1285 745 1328 avium
800 1281 972 1345 pedes.
1030 1281 1252 1326 baccaris
1308 1286 1515 1325 vocatur
1569 1278 1779 1325 nardum

293 1358 549 1412 rusticum,
581 1356 645 1402 de
677 1372 776 1418 quo
807 1354 1032 1400 dicemus
1063 1357 1197 1400 inter
1228 1351 1389 1399 flores.
1460 1359 1577 1398 sunt
1608 1358 1779 1398 autem

293 1432 459 1475 omnia
489 1446 549 1475 ea
578 1428 766 1475 herbae
796 1435 1001 1492 praeter
1033 1427 1279 1473 Indicum.
1349 1443 1412 1472 ex
1443 1429 1501 1472 iis
1534 1425 1778 1472 Gallicum

294 1510 347 1548 et
385 1520 498 1549 cum
527 1503 695 1549 radice
727 1501 927 1548 vellitur
960 1500 1282 1563 abluiturque
1321 1501 1452 1553 vino,
1478 1502 1696 1546 siccatur
1731 1501 1780 1544 in

295 1577 487 1632 umbra,
512 1576 745 1638 alligatur
773 1574 1019 1621 fasciculis
1047 1578 1097 1620 in
1125 1573 1318 1629 charta,
1346 1589 1445 1619 non
1473 1572 1690 1619 multum
1718 1573 1781 1618 ab

296 1649 467 1696 Indico
522 1649 774 1705 differens,
831 1648 1034 1712 Syriaco
1089 1655 1264 1694 tamen
1321 1646 1491 1693 levius.
1560 1649 1779 1710 pretium

294 1725 332 1770 Χ
366 1739 441 1769 111.
511 1727 561 1768 in
590 1722 665 1769 his
693 1723 926 1786 probatio
965 1738 1065 1768 una
1100 1738 1164 1767 ne
1202 1724 1303 1767 sint
1332 1719 1530 1783 fragilia
1560 1727 1614 1766 et
1643 1720 1781 1766 arida

292 1800 459 1860 potius
490 1814 639 1859 quam
669 1800 799 1843 sicca
827 1795 960 1842 folia.
1030 1812 1143 1841 curn
1175 1794 1367 1840 Gallico
1397 1793 1554 1839 nardo
1583 1809 1782 1857 semper

296 1873 514 1916 nascitur
558 1869 715 1915 herba
761 1886 890 1932 quae
936 1868 1155 1914 hirculus
1202 1874 1410 1913 vocatur
1456 1883 1485 1912 a
1529 1869 1780 1929 gravitate

294 1943 457 1989 odoris
510 1951 563 1990 et
615 1943 960 1998 similitudine,
1014 1958 1114 2005 qua
1165 1944 1385 1987 maxime
1439 1940 1782 1995 adulteratum

294 2016 450 2062 distat
471 2016 604 2078 quod
625 2019 731 2062 sine
751 2015 994 2062 cauliculo
1016 2022 1093 2061 est
1115 2022 1168 2061 et
1189 2014 1323 2077 quod
1343 2013 1615 2059 minoribus
1637 2012 1782 2070 foliis,

296 2090 530 2152 quodque
556 2089 734 2135 radicis
759 2106 924 2152 neque
950 2105 1152 2135 amarae
1177 2104 1343 2150 neque
1369 2087 1627 2133 odoratae.

717 2198 732 2222 ¹
764 2197 972 2236 Mueller:
1003 2196 1176 2247 nigriori
1197 2194 1358 2234 melior.

713 2250 728 2274 ²
758 2250 868 2290 Ian:
900 2263 1104 2301 purpura.

343 2376 361 2393 ⁰
391 2370 480 2409 The
507 2371 626 2409 three
655 2371 798 2421 plants
826 2370 987 2409 classed
1014 2382 1059 2408 as
1086 2370 1215 2408 nards
1247 2369 1347 2409 that
1380 2369 1519 2408 follow
1548 2382 1618 2407 are
1646 2368 1775 2419 really

294 2423 527 2470 valerians;
560 2423 625 2462 for
645 2437 668 2462 a
690 2424 814 2462 fuller
833 2423 1067 2462 discussion
1091 2423 1138 2462 of
1155 2423 1272 2462 these
1294 2423 1450 2474 planta,
1473 2435 1541 2461 see
1562 2422 1653 2462 Vol.
1676 2421 1774 2468 VII,

293 2478 429 2516 Index
450 2478 498 2516 of
516 2478 676 2522 Plants,
700 2490 776 2516 ΞΝ.
801 2477 995 2516 Baccaris
1015 2477 1099 2515 and
1122 2476 1305 2515 Nardus.

345 2530 360 2554 ὁ
381 2531 532 2576 Greek,
557 2531 566 2545 ‘
581 2531 678 2569 wild
697 2530 705 2545 ’
728 2530 813 2569 and
837 2530 846 2545 ‘
860 2530 1101 2569 sels-sownR

293 2623 347 2666 32
