1909 2998
580 226 825 272 PLINY:
890 226 1221 272 NATURAL
1266 225 1565 273 HISTORY

327 351 588 415 naufragia
637 352 852 398 docuere
906 369 1067 416 nuper
1117 352 1246 398 hanc
1297 369 1497 415 quoque
1548 356 1814 400 materiam

325 446 563 488 siccatam
595 446 719 488 mari
752 443 937 488 duritie
971 446 1261 506 incorrupta
1292 446 1552 507 cospissari
1584 460 1684 489 non
1713 443 1816 490 ullo

325 533 475 578 modo
532 532 897 579 vehementius.
967 536 1260 579 nutriuntur
1318 540 1526 597 optume
1585 532 1816 597 splende-

325 630 571 685 scuntque
592 640 768 669 manus
789 626 951 669 siccae
972 622 1156 669 fricatu
1178 640 1206 669 a
1225 623 1437 669 balineis
1457 626 1676 669 maxime
1693 639 1704 678 3
1723 640 1816 670 nec

327 716 450 758 vinis
474 713 744 759 laeduntur
768 720 824 759 ut
847 716 905 759 iis
929 716 1152 776 genitae.

226 809 305 848 100
389 803 529 849 Inter
557 820 718 867 pauca
739 804 985 850 nitidioris
1008 807 1142 850 vitae
1165 807 1504 850 instrumenta
1523 803 1648 850 haec
1671 805 1816 850 arbor

327 901 421 949 est,
460 901 768 958 quapropter
816 894 1151 940 insistendum
1209 897 1255 940 ei
1306 911 1506 957 quoque
1556 894 1815 958 paululum

326 983 539 1030 videtur.
609 992 731 1030 nota
777 987 931 1030 etiam
979 985 1201 1031 Homero
1248 984 1372 1039 fuit3
1414 984 1575 1048 thyon
1623 984 1815 1031 Graece

327 1082 549 1129 vocatur,
596 1076 659 1120 ab
706 1075 813 1120 aliis
859 1074 998 1138 thya.
1068 1074 1196 1121 hanc
1242 1078 1415 1138 itaque
1461 1078 1595 1121 inter
1640 1075 1816 1121 odores

328 1168 402 1210 uri
440 1164 651 1210 tradidit
688 1168 739 1210 in
777 1164 969 1211 deliciis
1009 1165 1200 1221 Circae,
1240 1182 1392 1228 quam
1429 1165 1579 1211 deam
1615 1165 1816 1211 volebat

327 1254 571 1317 intellegi,
598 1272 782 1318 magno
811 1272 976 1302 errore
1006 1272 1179 1302 eorum
1208 1259 1292 1318 qui
1320 1255 1651 1302 odoramenta
1676 1258 1729 1301 in
1756 1273 1815 1302 eo

325 1345 566 1390 vocabulo
615 1349 887 1409 accipiunt,
935 1363 1049 1391 cum
1096 1349 1396 1409 praesertim
1444 1346 1625 1393 eodem
1671 1363 1816 1392 versu

323 1435 529 1481 cedrum
562 1435 867 1498 laricemque
900 1453 1000 1481 una
1031 1436 1204 1482 tradat
1237 1440 1330 1492 uri,
1363 1453 1461 1499 quo
1491 1435 1815 1482 manifestum

226 1532 298 1570 101
328 1533 406 1571 est
453 1526 516 1571 de
566 1527 822 1572 arboribus
865 1534 1066 1572 tantum
1115 1526 1354 1573 locutum.
1422 1526 1815 1591 Theophrastus,

327 1619 411 1678 qui
459 1620 714 1679 proximus
763 1634 792 1662 a
843 1617 1020 1680 Magni
1070 1617 1347 1663 Alexandri
1395 1624 1568 1663 aetate
1620 1620 1816 1681 scripsit

324 1706 486 1751 circa1
526 1707 659 1752 urbis
695 1706 885 1752 Romae
925 1724 1112 1753 annum
1148 1722 1407 1763 ccccxxxx,
1440 1724 1681 1771 magnum
1714 1710 1815 1753 iam

325 1795 439 1842 huic
478 1798 640 1842 arbori
677 1796 918 1844 honorem
956 1799 1151 1853 tribuit,
1189 1805 1494 1844 memoratas
1537 1814 1600 1844 ex
1643 1815 1704 1844 ea
1739 1814 1815 1844 re-

326 1886 491 1932 ferens
525 1887 829 1950 templorum
854 1895 1084 1934 veterum
1108 1891 1513 1951 contignationes
1540 1888 1814 1950 quandam-

326 1994 422 2039 que
459 1978 893 2023 immortalitatem
930 1981 1174 2024 materiae
1212 1981 1263 2023 in
1299 1981 1450 2024 tectis
1485 1985 1660 2024 contra
1694 1981 1815 2024 vitia

226 2074 303 2111 102
327 2071 494 2112 omnia
517 2071 864 2131 incorruptae3
907 2068 1075 2114 radice
1102 2067 1223 2114 nihil
1247 2071 1471 2132 crispius,
1496 2085 1590 2115 nec
1615 2068 1814 2115 aliunde

323 2161 618 2220 pretiosiora
639 2174 819 2221 opera3
857 2162 1185 2222 praecipuam
1209 2166 1383 2204 autem
1406 2175 1515 2205 esse
1539 2175 1651 2205 eam
1674 2159 1814 2204 arbo—

325 2264 431 2293 rem
458 2251 587 2294 circa
616 2248 910 2295 Hammonis
940 2248 1224 2304 delubrum,
1253 2252 1390 2295 nasci
1419 2256 1472 2295 et
1499 2251 1550 2294 in
1577 2251 1813 2295 interiore

326 2337 630 2401 Cyrenaicae
658 2346 819 2401 parte.
890 2339 953 2385 de
983 2342 1168 2385 mensis
1197 2346 1373 2385 tamen
1401 2342 1581 2395 tacuit,
1611 2346 1664 2385 et
1693 2338 1813 2384 alias

801 2434 814 2457 1
846 2434 1081 2473 Rackham:
1113 2435 1222 2473 haec
1246 2434 1372 2474 circa.

489 2557 506 2575 ‘¹
539 2550 614 2589 Od.
637 2550 685 2590 V.
708 2551 775 2590 60.
1100 2516 1166 2575 Ἰ
1184 2550 1296 2589 Ηίει.
1317 2550 1457 2590 Plant.
1479 2550 1529 2592 V.
1551 2551 1589 2596 3,
1612 2552 1648 2589 7.

339 2628 423 2685 158
