<?xml version="1.0" encoding="UTF-8"?>
<!DOCTYPE html PUBLIC "-//W3C//DTD XHTML 1.0 Transitional//EN"
    "http://www.w3.org/TR/xhtml1/DTD/xhtml1-transitional.dtd">
<html xmlns="http://www.w3.org/1999/xhtml" xml:lang="en" lang="en">
 <head>
  <title>
</title>
<meta http-equiv="Content-Type" content="text/html;charset=utf-8" />
  <meta name='ocr-system' content='tesseract 3.04.00' />
  <meta name='ocr-capabilities' content='ocr_page ocr_carea ocr_par ocr_line ocrx_word'/>
</head>
<body>
  <div class='ocr_page' id='page_1' title='image "./naturalhistory04plinuoft/naturalhistory04plinuoft_0426.png"; bbox 0 0 1909 2998; ppageno 0'>
   <div class='ocr_carea' id='block_1_1' title="bbox 235 341 286 379">
    <p class='ocr_par' dir='ltr' id='par_1_1' title="bbox 235 341 286 379">
     <span class='ocr_line' id='line_1_1' title="bbox 235 341 286 379; baseline 0 0"><span class='ocrx_word' id='word_1_1' title='bbox 235 341 286 379; x_wconf 81' lang='lat'>39</span> 
     </span>
    </p>
   </div>
   <div class='ocr_carea' id='block_1_2' title="bbox 232 1577 277 1614">
    <p class='ocr_par' dir='ltr' id='par_1_2' title="bbox 232 1577 277 1614">
     <span class='ocr_line' id='line_1_2' title="bbox 232 1577 277 1614; baseline 0 0"><span class='ocrx_word' id='word_1_2' title='bbox 232 1577 277 1614; x_wconf 80' lang='lat'>41</span> 
     </span>
    </p>
   </div>
   <div class='ocr_carea' id='block_1_3' title="bbox 561 206 1540 254">
    <p class='ocr_par' dir='ltr' id='par_1_3' title="bbox 561 206 1540 254">
     <span class='ocr_line' id='line_1_3' title="bbox 561 206 1540 254; baseline 0 -2"><span class='ocrx_word' id='word_1_3' title='bbox 561 206 805 254; x_wconf 91' lang='lat' dir='ltr'>PLINY:</span> <span class='ocrx_word' id='word_1_4' title='bbox 869 207 1198 254; x_wconf 84' lang='lat' dir='ltr'>NATURAL</span> <span class='ocrx_word' id='word_1_5' title='bbox 1243 206 1540 254; x_wconf 89' lang='lat' dir='ltr'>HISTORY</span> 
     </span>
    </p>
   </div>
   <div class='ocr_carea' id='block_1_4' title="bbox 316 334 1794 959">
    <p class='ocr_par' dir='ltr' id='par_1_4' title="bbox 316 334 1794 959">
     <span class='ocr_line' id='line_1_4' title="bbox 316 334 1792 398; baseline 0 -18"><span class='ocrx_word' id='word_1_6' title='bbox 316 334 465 380; x_wconf 87' lang='lat' dir='ltr'>batur</span> <span class='ocrx_word' id='word_1_7' title='bbox 488 338 676 397; x_wconf 80' lang='lat' dir='ltr'><strong>generi.</strong></span> <span class='ocrx_word' id='word_1_8' title='bbox 743 334 909 380; x_wconf 88' lang='lat' dir='ltr'>XVII.</span> <span class='ocrx_word' id='word_1_9' title='bbox 945 338 1169 398; x_wconf 79' lang='lat' dir='ltr'>pinaster</span> <span class='ocrx_word' id='word_1_10' title='bbox 1204 334 1323 380; x_wconf 87' lang='lat' dir='ltr'>nihil</span> <span class='ocrx_word' id='word_1_11' title='bbox 1359 341 1437 380; x_wconf 89' lang='lat' dir='ltr'>est</span> <span class='ocrx_word' id='word_1_12' title='bbox 1473 334 1607 381; x_wconf 88' lang='lat' dir='ltr'>aliud</span> <span class='ocrx_word' id='word_1_13' title='bbox 1643 351 1792 398; x_wconf 87' lang='lat' dir='ltr'>quam</span> 
     </span>
     <span class='ocr_line' id='line_1_5' title="bbox 317 428 1794 490; baseline 0.001 -18"><span class='ocrx_word' id='word_1_14' title='bbox 317 431 462 490; x_wconf 91' lang='lat' dir='ltr'>pinus</span> <span class='ocrx_word' id='word_1_15' title='bbox 495 428 730 474; x_wconf 78' lang='lat' dir='ltr'>silvestris</span> <span class='ocrx_word' id='word_1_16' title='bbox 763 431 923 473; x_wconf 91' lang='lat' dir='ltr'>minor</span> <span class='ocrx_word' id='word_1_17' title='bbox 956 428 1222 474; x_wconf 77' lang='lat' dir='ltr'>altitudine</span> <span class='ocrx_word' id='word_1_18' title='bbox 1257 435 1310 474; x_wconf 89' lang='lat' dir='ltr'>et</span> <span class='ocrx_word' id='word_1_19' title='bbox 1343 444 1372 473; x_wconf 89' lang='lat' dir='ltr'>a</span> <span class='ocrx_word' id='word_1_20' title='bbox 1404 428 1569 474; x_wconf 90' lang='lat' dir='ltr'>medio</span> <span class='ocrx_word' id='word_1_21' title='bbox 1602 444 1794 474; x_wconf 88' lang='lat' dir='ltr'>ramosa</span> 
     </span>
     <span class='ocr_line' id='line_1_6' title="bbox 318 520 1793 585; baseline 0.001 -19"><span class='ocrx_word' id='word_1_22' title='bbox 318 524 445 567; x_wconf 90' lang='lat' dir='ltr'>sicut</span> <span class='ocrx_word' id='word_1_23' title='bbox 464 524 611 582; x_wconf 90' lang='lat' dir='ltr'>pinus</span> <span class='ocrx_word' id='word_1_24' title='bbox 637 525 687 567; x_wconf 92' lang='lat' dir='ltr'>in</span> <span class='ocrx_word' id='word_1_25' title='bbox 712 525 914 568; x_wconf 86' lang='lat' dir='ltr'>vertice.</span> <span class='ocrx_word' id='word_1_26' title='bbox 974 525 1300 585; x_wconf 81' lang='lat' dir='ltr'>copiosiorem</span> <span class='ocrx_word' id='word_1_27' title='bbox 1325 522 1413 567; x_wconf 91' lang='lat' dir='ltr'>dat</span> <span class='ocrx_word' id='word_1_28' title='bbox 1432 520 1556 567; x_wconf 87' lang='lat' dir='ltr'>haec</span> <span class='ocrx_word' id='word_1_29' title='bbox 1580 525 1793 568; x_wconf 83' lang='lat' dir='ltr'>resinam</span> 
     </span>
     <span class='ocr_line' id='line_1_7' title="bbox 319 614 1793 678; baseline 0.001 -19"><span class='ocrx_word' id='word_1_30' title='bbox 319 631 416 677; x_wconf 89' lang='lat' dir='ltr'>quo</span> <span class='ocrx_word' id='word_1_31' title='bbox 446 614 668 661; x_wconf 82' lang='lat' dir='ltr'>dicemus</span> <span class='ocrx_word' id='word_1_32' title='bbox 704 615 867 661; x_wconf 87' lang='lat' dir='ltr'>modO.</span> <span class='ocrx_word' id='word_1_33' title='bbox 936 618 1159 678; x_wconf 78' lang='lat' dir='ltr'>gignitur</span> <span class='ocrx_word' id='word_1_34' title='bbox 1188 622 1241 661; x_wconf 85' lang='lat' dir='ltr'>et</span> <span class='ocrx_word' id='word_1_35' title='bbox 1269 618 1320 660; x_wconf 89' lang='lat' dir='ltr'>in</span> <span class='ocrx_word' id='word_1_36' title='bbox 1348 614 1522 678; x_wconf 90' lang='lat' dir='ltr'>planis.</span> <span class='ocrx_word' id='word_1_37' title='bbox 1591 615 1793 661; x_wconf 89' lang='lat' dir='ltr'>easdem</span> 
     </span>
     <span class='ocr_line' id='line_1_8' title="bbox 318 708 1793 772; baseline 0.001 -19"><span class='ocrx_word' id='word_1_38' title='bbox 318 709 516 755; x_wconf 87' lang='lat' dir='ltr'>arbores</span> <span class='ocrx_word' id='word_1_39' title='bbox 566 708 661 755; x_wconf 88' lang='lat' dir='ltr'>alio</span> <span class='ocrx_word' id='word_1_40' title='bbox 711 712 910 755; x_wconf 91' lang='lat' dir='ltr'>nomine</span> <span class='ocrx_word' id='word_1_41' title='bbox 961 726 1069 755; x_wconf 92' lang='lat' dir='ltr'>esse</span> <span class='ocrx_word' id='word_1_42' title='bbox 1117 726 1208 772; x_wconf 88' lang='lat' dir='ltr'>per</span> <span class='ocrx_word' id='word_1_43' title='bbox 1257 725 1393 755; x_wconf 83' lang='lat' dir='ltr'>oram</span> <span class='ocrx_word' id='word_1_44' title='bbox 1445 708 1621 755; x_wconf 86' lang='lat' dir='ltr'>Italiae</span> <span class='ocrx_word' id='word_1_45' title='bbox 1672 725 1793 771; x_wconf 89' lang='lat' dir='ltr'>quas</span> 
     </span>
     <span class='ocr_line' id='line_1_9' title="bbox 317 801 1793 866; baseline 0.001 -19"><span class='ocrx_word' id='word_1_46' title='bbox 317 801 499 847; x_wconf 91' lang='lat' dir='ltr'>tibulos</span> <span class='ocrx_word' id='word_1_47' title='bbox 553 810 734 848; x_wconf 89' lang='lat' dir='ltr'>vocant</span> <span class='ocrx_word' id='word_1_48' title='bbox 786 802 1013 866; x_wconf 88' lang='lat' dir='ltr'>plerique</span> <span class='ocrx_word' id='word_1_49' title='bbox 1068 803 1390 858; x_wconf 74' lang='lat' dir='ltr'>arbitrantur,</span> <span class='ocrx_word' id='word_1_50' title='bbox 1444 802 1534 848; x_wconf 90' lang='lat' dir='ltr'>sed</span> <span class='ocrx_word' id='word_1_51' title='bbox 1586 802 1793 865; x_wconf 86' lang='lat' dir='ltr'>graciles</span> 
     </span>
     <span class='ocr_line' id='line_1_10' title="bbox 317 896 1793 959; baseline 0 -17"><span class='ocrx_word' id='word_1_52' title='bbox 317 899 765 959; x_wconf 76' lang='lat' dir='ltr'>succinctioresque</span> <span class='ocrx_word' id='word_1_53' title='bbox 815 904 868 943; x_wconf 85' lang='lat' dir='ltr'>et</span> <span class='ocrx_word' id='word_1_54' title='bbox 916 896 1103 942; x_wconf 88' lang='lat' dir='ltr'>enodes</span> <span class='ocrx_word' id='word_1_55' title='bbox 1149 896 1502 942; x_wconf 83' lang='lat' dir='ltr'>liburnicarum</span> <span class='ocrx_word' id='word_1_56' title='bbox 1550 896 1613 942; x_wconf 89' lang='lat' dir='ltr'>ad</span> <span class='ocrx_word' id='word_1_57' title='bbox 1661 913 1793 952; x_wconf 90' lang='lat' dir='ltr'>usus,</span> 
     </span>
    </p>
   </div>
   <div class='ocr_carea' id='block_1_5' title="bbox 314 994 815 1054">
    <p class='ocr_par' dir='ltr' id='par_1_5' title="bbox 314 994 815 1054">
     <span class='ocr_line' id='line_1_11' title="bbox 314 994 815 1054; baseline 0 -18"><span class='ocrx_word' id='word_1_58' title='bbox 314 1007 479 1054; x_wconf 91' lang='lat' dir='ltr'>paene</span> <span class='ocrx_word' id='word_1_59' title='bbox 505 994 610 1037; x_wconf 91' lang='lat' dir='ltr'>sine</span> <span class='ocrx_word' id='word_1_60' title='bbox 637 994 815 1037; x_wconf 91' lang='lat' dir='ltr'>resina.</span> 
     </span>
    </p>
   </div>
   <div class='ocr_carea' id='block_1_6' title="bbox 311 1097 1792 2200">
    <p class='ocr_par' dir='ltr' id='par_1_6' title="bbox 311 1097 1792 1899">
     <span class='ocr_line' id='line_1_12' title="bbox 375 1097 1792 1163; baseline 0.001 -19"><span class='ocrx_word' id='word_1_61' title='bbox 375 1098 569 1144; x_wconf 90' lang='lat' dir='ltr'>XVIII.</span> <span class='ocrx_word' id='word_1_62' title='bbox 610 1097 757 1145; x_wconf 86' lang='lat' dir='ltr'>Picea</span> <span class='ocrx_word' id='word_1_63' title='bbox 801 1103 984 1145; x_wconf 89' lang='lat' dir='ltr'>montis</span> <span class='ocrx_word' id='word_1_64' title='bbox 1022 1107 1159 1146; x_wconf 88' lang='lat' dir='ltr'>amat</span> <span class='ocrx_word' id='word_1_65' title='bbox 1198 1107 1350 1162; x_wconf 91' lang='lat' dir='ltr'>atque</span> <span class='ocrx_word' id='word_1_66' title='bbox 1390 1099 1589 1163; x_wconf 85' lang='lat' dir='ltr'>frigora,</span> <span class='ocrx_word' id='word_1_67' title='bbox 1627 1099 1792 1146; x_wconf 89' lang='lat' dir='ltr'>feralis</span> 
     </span>
     <span class='ocr_line' id='line_1_13' title="bbox 317 1193 1792 1257; baseline 0.001 -18"><span class='ocrx_word' id='word_1_68' title='bbox 317 1194 461 1239; x_wconf 91' lang='lat' dir='ltr'>arbor</span> <span class='ocrx_word' id='word_1_69' title='bbox 480 1201 533 1239; x_wconf 91' lang='lat' dir='ltr'>et</span> <span class='ocrx_word' id='word_1_70' title='bbox 551 1193 749 1239; x_wconf 85' lang='lat' dir='ltr'>funebri</span> <span class='ocrx_word' id='word_1_71' title='bbox 768 1194 950 1240; x_wconf 91' lang='lat' dir='ltr'>indicio</span> <span class='ocrx_word' id='word_1_72' title='bbox 971 1195 1034 1240; x_wconf 92' lang='lat' dir='ltr'>ad</span> <span class='ocrx_word' id='word_1_73' title='bbox 1053 1193 1183 1240; x_wconf 90' lang='lat' dir='ltr'>fores</span> <span class='ocrx_word' id='word_1_74' title='bbox 1201 1197 1366 1257; x_wconf 87' lang='lat' dir='ltr'>posita</span> <span class='ocrx_word' id='word_1_75' title='bbox 1390 1211 1447 1240; x_wconf 90' lang='lat' dir='ltr'>ac</span> <span class='ocrx_word' id='word_1_76' title='bbox 1464 1197 1595 1257; x_wconf 86' lang='lat' dir='ltr'>rogis</span> <span class='ocrx_word' id='word_1_77' title='bbox 1614 1197 1792 1251; x_wconf 89' lang='lat' dir='ltr'>virens,</span> 
     </span>
     <span class='ocr_line' id='line_1_14' title="bbox 314 1287 1792 1351; baseline 0.002 -19"><span class='ocrx_word' id='word_1_78' title='bbox 314 1290 414 1332; x_wconf 90' lang='lat' dir='ltr'>iam</span> <span class='ocrx_word' id='word_1_79' title='bbox 429 1294 602 1334; x_wconf 88' lang='lat' dir='ltr'>tamen</span> <span class='ocrx_word' id='word_1_80' title='bbox 622 1295 675 1333; x_wconf 91' lang='lat' dir='ltr'>et</span> <span class='ocrx_word' id='word_1_81' title='bbox 693 1291 744 1333; x_wconf 91' lang='lat' dir='ltr'>in</span> <span class='ocrx_word' id='word_1_82' title='bbox 762 1288 934 1334; x_wconf 92' lang='lat' dir='ltr'>domos</span> <span class='ocrx_word' id='word_1_83' title='bbox 954 1295 1161 1351; x_wconf 88' lang='lat' dir='ltr'>recepta</span> <span class='ocrx_word' id='word_1_84' title='bbox 1180 1288 1345 1334; x_wconf 90' lang='lat' dir='ltr'>tonsili</span> <span class='ocrx_word' id='word_1_85' title='bbox 1364 1287 1622 1334; x_wconf 79' lang='lat' dir='ltr'>facilitate.</span> <span class='ocrx_word' id='word_1_86' title='bbox 1668 1287 1792 1335; x_wconf 88' lang='lat' dir='ltr'>haec</span> 
     </span>
     <span class='ocr_line' id='line_1_15' title="bbox 313 1381 1792 1445; baseline 0.001 -18"><span class='ocrx_word' id='word_1_87' title='bbox 313 1381 577 1445; x_wconf 90' lang='lat' dir='ltr'>plurimam</span> <span class='ocrx_word' id='word_1_88' title='bbox 611 1382 776 1429; x_wconf 89' lang='lat' dir='ltr'>fundit</span> <span class='ocrx_word' id='word_1_89' title='bbox 807 1385 1177 1429; x_wconf 87' lang='lat' dir='ltr'>interveniente</span> <span class='ocrx_word' id='word_1_90' title='bbox 1210 1382 1424 1428; x_wconf 87' lang='lat' dir='ltr'>candida</span> <span class='ocrx_word' id='word_1_91' title='bbox 1453 1399 1656 1445; x_wconf 88' lang='lat' dir='ltr'>gemma</span> <span class='ocrx_word' id='word_1_92' title='bbox 1686 1390 1792 1429; x_wconf 85' lang='lat' dir='ltr'>tam</span> 
     </span>
     <span class='ocr_line' id='line_1_16' title="bbox 315 1475 1791 1539; baseline 0.002 -19"><span class='ocrx_word' id='word_1_93' title='bbox 315 1475 459 1521; x_wconf 90' lang='lat' dir='ltr'>simili</span> <span class='ocrx_word' id='word_1_94' title='bbox 489 1480 612 1522; x_wconf 91' lang='lat' dir='ltr'>turis</span> <span class='ocrx_word' id='word_1_95' title='bbox 644 1484 699 1522; x_wconf 86' lang='lat' dir='ltr'>ut</span> <span class='ocrx_word' id='word_1_96' title='bbox 729 1480 889 1522; x_wconf 86' lang='lat' dir='ltr'>mixta</span> <span class='ocrx_word' id='word_1_97' title='bbox 918 1480 1026 1523; x_wconf 85' lang='lat' dir='ltr'>visu</span> <span class='ocrx_word' id='word_1_98' title='bbox 1056 1477 1270 1522; x_wconf 88' lang='lat' dir='ltr'>discerni</span> <span class='ocrx_word' id='word_1_99' title='bbox 1300 1493 1400 1522; x_wconf 90' lang='lat' dir='ltr'>non</span> <span class='ocrx_word' id='word_1_100' title='bbox 1430 1484 1611 1539; x_wconf 88' lang='lat' dir='ltr'>queat;</span> <span class='ocrx_word' id='word_1_101' title='bbox 1659 1477 1791 1523; x_wconf 91' lang='lat' dir='ltr'>unde</span> 
     </span>
     <span class='ocr_line' id='line_1_17' title="bbox 316 1569 1792 1633; baseline 0.001 -18"><span class='ocrx_word' id='word_1_102' title='bbox 316 1569 447 1616; x_wconf 89' lang='lat' dir='ltr'>fraus</span> <span class='ocrx_word' id='word_1_103' title='bbox 478 1569 746 1633; x_wconf 89' lang='lat' dir='ltr'>Seplasiae.</span> <span class='ocrx_word' id='word_1_104' title='bbox 815 1572 1043 1617; x_wconf 90' lang='lat' dir='ltr'>omnibus</span> <span class='ocrx_word' id='word_1_105' title='bbox 1074 1570 1147 1616; x_wconf 91' lang='lat' dir='ltr'>his</span> <span class='ocrx_word' id='word_1_106' title='bbox 1179 1571 1446 1633; x_wconf 87' lang='lat' dir='ltr'>generibus</span> <span class='ocrx_word' id='word_1_107' title='bbox 1477 1569 1594 1616; x_wconf 87' lang='lat' dir='ltr'>folia</span> <span class='ocrx_word' id='word_1_108' title='bbox 1622 1571 1792 1618; x_wconf 85' lang='lat' dir='ltr'>brevia</span> 
     </span>
     <span class='ocr_line' id='line_1_18' title="bbox 314 1665 1790 1728; baseline 0 -18"><span class='ocrx_word' id='word_1_109' title='bbox 314 1665 403 1710; x_wconf 90' lang='lat' dir='ltr'>sed</span> <span class='ocrx_word' id='word_1_110' title='bbox 444 1669 681 1710; x_wconf 87' lang='lat' dir='ltr'>crassiora</span> <span class='ocrx_word' id='word_1_111' title='bbox 724 1665 948 1728; x_wconf 89' lang='lat' dir='ltr'>duraque</span> <span class='ocrx_word' id='word_1_112' title='bbox 991 1682 1086 1711; x_wconf 89' lang='lat' dir='ltr'>ceu</span> <span class='ocrx_word' id='word_1_113' title='bbox 1128 1668 1385 1728; x_wconf 85' lang='lat' dir='ltr'>cupressis.</span> <span class='ocrx_word' id='word_1_114' title='bbox 1451 1668 1625 1728; x_wconf 88' lang='lat' dir='ltr'>piceae</span> <span class='ocrx_word' id='word_1_115' title='bbox 1667 1669 1790 1711; x_wconf 89' lang='lat' dir='ltr'>rami</span> 
     </span>
     <span class='ocr_line' id='line_1_19' title="bbox 311 1757 1790 1821; baseline 0.001 -17"><span class='ocrx_word' id='word_1_116' title='bbox 311 1775 473 1821; x_wconf 87' lang='lat' dir='ltr'>paene</span> <span class='ocrx_word' id='word_1_117' title='bbox 493 1762 663 1805; x_wconf 89' lang='lat' dir='ltr'>statim</span> <span class='ocrx_word' id='word_1_118' title='bbox 683 1760 745 1804; x_wconf 93' lang='lat' dir='ltr'>ab</span> <span class='ocrx_word' id='word_1_119' title='bbox 763 1759 929 1805; x_wconf 81' lang='lat' dir='ltr'>radice</span> <span class='ocrx_word' id='word_1_120' title='bbox 950 1759 1132 1804; x_wconf 89' lang='lat' dir='ltr'>modici</span> <span class='ocrx_word' id='word_1_121' title='bbox 1151 1759 1287 1805; x_wconf 84' lang='lat' dir='ltr'>velut</span> <span class='ocrx_word' id='word_1_122' title='bbox 1305 1757 1535 1805; x_wconf 88' lang='lat' dir='ltr'>bracchia</span> <span class='ocrx_word' id='word_1_123' title='bbox 1551 1759 1790 1806; x_wconf 82' lang='lat' dir='ltr'>lateribus</span> 
     </span>
     <span class='ocr_line' id='line_1_20' title="bbox 312 1851 591 1899; baseline 0.007 -2"><span class='ocrx_word' id='word_1_124' title='bbox 312 1851 591 1899; x_wconf 88' lang='lat' dir='ltr'>inhaerent.</span> 
     </span>
    </p>

    <p class='ocr_par' dir='ltr' id='par_1_7' title="bbox 312 1946 1790 2200">
     <span class='ocr_line' id='line_1_21' title="bbox 376 1946 1790 2012; baseline 0.002 -21"><span class='ocrx_word' id='word_1_125' title='bbox 376 1946 611 1993; x_wconf 84' lang='lat' dir='ltr'>Similiter</span> <span class='ocrx_word' id='word_1_126' title='bbox 642 1949 795 1993; x_wconf 87' lang='lat' dir='ltr'>abieti</span> <span class='ocrx_word' id='word_1_127' title='bbox 829 1951 1088 2012; x_wconf 77' lang='lat' dir='ltr'>expetitae</span> <span class='ocrx_word' id='word_1_128' title='bbox 1121 1951 1328 2011; x_wconf 79' lang='lat' dir='ltr'>navigiis</span> <span class='ocrx_word' id='word_1_129' title='bbox 1359 1951 1482 1994; x_wconf 86' lang='lat' dir='ltr'>situs</span> <span class='ocrx_word' id='word_1_130' title='bbox 1512 1951 1562 1994; x_wconf 93' lang='lat' dir='ltr'>in</span> <span class='ocrx_word' id='word_1_131' title='bbox 1595 1948 1790 1994; x_wconf 80' lang='lat' dir='ltr'>excelso</span> 
     </span>
     <span class='ocr_line' id='line_1_22' title="bbox 316 2041 1790 2105; baseline 0.002 -20"><span class='ocrx_word' id='word_1_132' title='bbox 316 2045 577 2097; x_wconf 87' lang='lat' dir='ltr'>montium,</span> <span class='ocrx_word' id='word_1_133' title='bbox 615 2059 708 2088; x_wconf 93' lang='lat' dir='ltr'>ceu</span> <span class='ocrx_word' id='word_1_134' title='bbox 746 2046 902 2087; x_wconf 88' lang='lat' dir='ltr'>maria</span> <span class='ocrx_word' id='word_1_135' title='bbox 942 2042 1146 2105; x_wconf 86' lang='lat' dir='ltr'>fugerit,</span> <span class='ocrx_word' id='word_1_136' title='bbox 1184 2059 1276 2088; x_wconf 91' lang='lat' dir='ltr'>nec</span> <span class='ocrx_word' id='word_1_137' title='bbox 1315 2041 1472 2088; x_wconf 87' lang='lat' dir='ltr'>forma</span> <span class='ocrx_word' id='word_1_138' title='bbox 1511 2042 1620 2088; x_wconf 82' lang='lat' dir='ltr'>alia.</span> <span class='ocrx_word' id='word_1_139' title='bbox 1687 2059 1790 2088; x_wconf 88' lang='lat' dir='ltr'>ma-</span> 
     </span>
     <span class='ocr_line' id='line_1_23' title="bbox 312 2136 1788 2200; baseline 0.001 -20"><span class='ocrx_word' id='word_1_140' title='bbox 312 2138 462 2181; x_wconf 89' lang='lat' dir='ltr'>teries</span> <span class='ocrx_word' id='word_1_141' title='bbox 498 2153 614 2181; x_wconf 88' lang='lat' dir='ltr'>vero</span> <span class='ocrx_word' id='word_1_142' title='bbox 645 2139 916 2199; x_wconf 87' lang='lat' dir='ltr'>praecipua</span> <span class='ocrx_word' id='word_1_143' title='bbox 951 2144 1027 2182; x_wconf 84' lang='lat' dir='ltr'>est</span> <span class='ocrx_word' id='word_1_144' title='bbox 1058 2137 1282 2182; x_wconf 85' lang='lat' dir='ltr'>trabibus</span> <span class='ocrx_word' id='word_1_145' title='bbox 1317 2144 1369 2182; x_wconf 90' lang='lat' dir='ltr'>et</span> <span class='ocrx_word' id='word_1_146' title='bbox 1397 2136 1620 2200; x_wconf 89' lang='lat' dir='ltr'>plurimis</span> <span class='ocrx_word' id='word_1_147' title='bbox 1656 2139 1788 2183; x_wconf 86' lang='lat' dir='ltr'>vitae</span> 
     </span>
    </p>
   </div>
   <div class='ocr_carea' id='block_1_7' title="bbox 310 2230 1787 2294">
    <p class='ocr_par' dir='ltr' id='par_1_8' title="bbox 310 2230 1787 2294">
     <span class='ocr_line' id='line_1_24' title="bbox 310 2230 1787 2294; baseline 0.003 -21"><span class='ocrx_word' id='word_1_148' title='bbox 310 2230 554 2291; x_wconf 86' lang='lat' dir='ltr'>operibus.</span> <span class='ocrx_word' id='word_1_149' title='bbox 615 2234 776 2275; x_wconf 88' lang='lat' dir='ltr'>resina</span> <span class='ocrx_word' id='word_1_150' title='bbox 803 2233 853 2275; x_wconf 90' lang='lat' dir='ltr'>in</span> <span class='ocrx_word' id='word_1_151' title='bbox 879 2231 972 2276; x_wconf 87' lang='lat' dir='ltr'>ea1</span> <span class='ocrx_word' id='word_1_152' title='bbox 1001 2234 1194 2285; x_wconf 85' lang='lat' dir='ltr'>vitium,</span> <span class='ocrx_word' id='word_1_153' title='bbox 1222 2230 1353 2276; x_wconf 87' lang='lat' dir='ltr'>unde</span> <span class='ocrx_word' id='word_1_154' title='bbox 1381 2230 1569 2276; x_wconf 88' lang='lat' dir='ltr'>fructus</span> <span class='ocrx_word' id='word_1_155' title='bbox 1593 2233 1787 2294; x_wconf 87' lang='lat' dir='ltr'>piceae,</span> 
     </span>
    </p>
   </div>
   <div class='ocr_carea' id='block_1_8' title="bbox 812 2347 1286 2398">
    <p class='ocr_par' dir='ltr' id='par_1_9' title="bbox 812 2347 1286 2398">
     <span class='ocr_line' id='line_1_25' title="bbox 812 2347 1286 2398; baseline 0.002 -12"><span class='ocrx_word' id='word_1_156' title='bbox 812 2349 827 2372; x_wconf 81' lang='lat'>1</span> <span class='ocrx_word' id='word_1_157' title='bbox 858 2347 1055 2398; x_wconf 62' lang='lat' dir='ltr'>Illayhoff</span> <span class='ocrx_word' id='word_1_158' title='bbox 1069 2363 1077 2387; x_wconf 76' lang='grc' dir='ltr'>ε</span> <span class='ocrx_word' id='word_1_159' title='bbox 1110 2349 1286 2387; x_wconf 79' lang='lat' dir='ltr'>resinae.</span> 
     </span>
    </p>
   </div>
   <div class='ocr_carea' id='block_1_9' title="bbox 365 2519 1771 2572">
    <p class='ocr_par' dir='ltr' id='par_1_10' title="bbox 365 2519 1771 2572">
     <span class='ocr_line' id='line_1_26' title="bbox 365 2519 1771 2572; baseline 0.001 -14"><span class='ocrx_word' id='word_1_160' title='bbox 365 2524 384 2544; x_wconf 80' lang='lat'>⁰</span> <span class='ocrx_word' id='word_1_161' title='bbox 413 2519 448 2558; x_wconf 96' lang='lat' dir='ltr'>A</span> <span class='ocrx_word' id='word_1_162' title='bbox 469 2524 601 2558; x_wconf 86' lang='lat' dir='ltr'>street</span> <span class='ocrx_word' id='word_1_163' title='bbox 621 2520 664 2558; x_wconf 88' lang='lat' dir='ltr'>in</span> <span class='ocrx_word' id='word_1_164' title='bbox 685 2519 832 2571; x_wconf 79' lang='lat' dir='ltr'>Capua</span> <span class='ocrx_word' id='word_1_165' title='bbox 852 2520 1057 2571; x_wconf 89' lang='lat' dir='ltr'>occupied</span> <span class='ocrx_word' id='word_1_166' title='bbox 1077 2520 1257 2572; x_wconf 82' lang='lat' dir='ltr'>entirely</span> <span class='ocrx_word' id='word_1_167' title='bbox 1280 2520 1336 2572; x_wconf 89' lang='lat' dir='ltr'>by</span> <span class='ocrx_word' id='word_1_168' title='bbox 1358 2519 1607 2572; x_wconf 79' lang='lat' dir='ltr'>persumers’</span> <span class='ocrx_word' id='word_1_169' title='bbox 1629 2520 1771 2572; x_wconf 82' lang='lat' dir='ltr'>shops.</span> 
     </span>
    </p>
   </div>
   <div class='ocr_carea' id='block_1_10' title="bbox 313 2609 402 2651">
    <p class='ocr_par' dir='ltr' id='par_1_11' title="bbox 313 2609 402 2651">
     <span class='ocr_line' id='line_1_27' title="bbox 313 2609 402 2651; baseline 0 0"><span class='ocrx_word' id='word_1_170' title='bbox 313 2609 402 2651; x_wconf 86' lang='lat'>414</span> 
     </span>
    </p>
   </div>
  </div>
 </body>
</html>
