1909 2998
570 186 811 233 PLINY:
877 186 1205 232 NATURAL
1250 186 1546 233 HISTORY

312 319 535 376 citroque
601 321 942 360 commeantes
1005 331 1094 376 per
1158 313 1396 359 Africam.
1464 314 1600 376 ligno
1663 314 1795 361 colos

313 405 481 463 niger:
532 401 595 447 ad
626 402 862 446 tibiarum
893 407 1068 446 cantus
1102 403 1387 463 expetitum
1438 417 1465 446 e
1496 400 1664 447 radice
1695 401 1795 447 cul-

311 487 443 534 tellis
466 487 666 550 capulos
688 487 966 549 brevesque
991 486 1110 532 alios
1134 503 1249 533 usus
1274 489 1582 550 excogitant.

213 580 291 619 107
382 574 522 620 Haec
540 574 609 620 ibi
627 580 808 619 natura
827 574 1030 619 arboris.
1101 581 1178 619 est
1198 580 1371 619 autem
1390 573 1572 620 eodem
1590 576 1792 621 nomine

314 668 367 707 et
394 660 550 707 herba
577 668 630 707 et
657 664 708 705 in
736 661 975 723 Aegypto
1002 660 1155 705 caulis
1182 663 1234 705 in
1259 660 1559 723 palustrium
1586 677 1792 723 genere.

311 746 664 793 recedentibus
699 750 833 793 enim
867 749 1006 809 aquis
1042 746 1140 791 Nili
1174 749 1326 809 riguis
1358 750 1590 811 provenit
1623 747 1794 793 similis

311 833 457 880 fabae
485 834 626 880 caule
654 833 883 896 foliisque
912 833 1069 880 densa
1095 836 1330 896 congerie
1359 836 1576 897 stipatis,
1602 835 1794 881 brevio-

310 922 444 966 ribus
497 928 699 967 tantum
753 920 1209 983 gracilioribusque.
1277 919 1469 967 fructus
1522 923 1574 966 in
1627 924 1793 984 capite

308 1010 547 1071 papaveri
583 1007 753 1054 similis
789 1010 1013 1053 incisuris
1051 1010 1285 1069 omnique
1324 1006 1420 1053 alio
1456 1007 1623 1064 modo,
1659 1010 1794 1054 intus

212 1101 288 1139 108
311 1111 467 1157 grana
499 1111 592 1140 ceu
623 1094 830 1140 milium.
897 1093 1090 1140 incolae
1122 1097 1290 1158 capita
1322 1097 1373 1139 in
1405 1096 1591 1140 acervis
1623 1102 1795 1158 putre-

309 1180 517 1236 faciunt,
559 1198 675 1226 mox
717 1187 954 1244 separant
994 1180 1208 1226 lavando
1250 1188 1304 1227 et
1344 1182 1531 1227 siccata
1571 1180 1794 1227 tundunt

311 1284 471 1330 eoque
499 1284 631 1330 pane
660 1274 886 1313 utuntur.
956 1270 1138 1312 mirum
1168 1274 1244 1313 est
1275 1266 1409 1330 quod
1435 1274 1642 1330 praeter
1668 1266 1795 1314 haec

309 1354 541 1409 traditur,
588 1354 690 1400 sole
738 1353 1000 1400 occidente
1046 1370 1299 1417 papavera
1346 1370 1407 1399 ea
1452 1356 1694 1417 conprimi
1741 1361 1795 1401 et

311 1443 470 1503 integi
513 1440 659 1496 foliis,
705 1440 769 1486 ad
810 1448 976 1486 ortum
1019 1448 1192 1486 autem
1238 1443 1442 1503 aperiri,
1485 1441 1646 1487 donec
1691 1457 1796 1487 ma-

210 1534 286 1572 109
312 1535 567 1573 turescant
621 1527 810 1589 flosque
866 1530 950 1589 qui
999 1534 1076 1573 est
1122 1526 1364 1573 candidus
1409 1527 1627 1593 decidat.
1700 1526 1793 1573 hoc

311 1614 520 1678 amplius
563 1618 614 1659 in
658 1613 917 1677 Euphrate
964 1613 1173 1660 tradunt
1225 1621 1278 1660 et
1327 1621 1481 1677 caput
1527 1617 1692 1677 ipsum
1739 1622 1791 1661 et

310 1700 483 1747 florem
521 1718 730 1764 vespera
768 1704 928 1763 mergi
968 1717 1125 1763 usque
1165 1703 1217 1746 in
1255 1700 1447 1747 medias
1486 1708 1678 1756 noctes,
1717 1708 1793 1747 to-

310 1795 520 1850 tumque
553 1789 689 1833 abire
713 1791 764 1833 in
789 1787 965 1843 altum,
990 1795 1048 1833 ut
1072 1804 1135 1833 ne
1169 1788 1386 1834 demissa
1411 1787 1615 1850 quidem
1639 1804 1792 1834 manu

308 1878 465 1937 possit
486 1878 711 1927 inveniri,
732 1878 916 1921 reverti
938 1874 1122 1920 deinde
1142 1874 1490 1938 paulatimque
1513 1875 1717 1937 subrigi,
1740 1882 1792 1921 et

312 1961 375 2007 ad
416 1970 618 2007 exortus
658 1962 772 2007 solis
814 1978 1073 2024 emergere
1116 1968 1260 2007 extra
1301 1978 1484 2024 aquam
1524 1978 1580 2007 ac
1621 1960 1793 2007 florem

308 2047 614 2110 patefacere,
647 2055 800 2110 atque
827 2051 1105 2094 etiamnum
1140 2051 1416 2111 insurgere,
1451 2055 1509 2094 ut
1542 2047 1692 2111 plane
1729 2048 1792 2094 ab

212 2140 287 2177 110
312 2151 442 2196 aqua
478 2135 608 2180 absit
645 2135 762 2180 alte.
829 2135 1050 2180 radicem
1086 2134 1214 2181 lotos
1249 2134 1406 2181 habet
1441 2134 1559 2180 mali
1594 2138 1791 2181 cotonei

311 2221 676 2283 magnitudine,
705 2229 934 2284 opertam
962 2224 1103 2284 nigro
1131 2225 1335 2277 cortice,
1365 2221 1522 2284 qualis
1552 2228 1604 2268 et
1632 2228 1792 2267 casta-

310 2324 429 2353 neas
461 2311 620 2370 tegit3
670 2311 878 2353 interius
910 2308 1179 2354 candidum
1210 2324 1405 2371 corpus,
1437 2315 1639 2371 gratum
1671 2308 1791 2353 cibis

730 2507 747 2525 ⁰
776 2500 865 2540 The
886 2501 1106 2552 Egyptian
1127 2500 1368 2552 water-lily.

320 2577 401 2621 162
