1909 2998
525 231 769 278 PLINY:
835 228 1163 276 NATURAL
1208 228 1504 275 HISTORY

275 364 388 407 vino
420 359 561 405 iubet
593 365 813 404 mustum
846 357 979 419 quod
1010 355 1091 402 ille
1122 359 1362 402 tortivum
1394 354 1633 417 appellat,
1663 372 1751 402 nos

276 426 614 489 intellegimus
643 427 905 470 novissime
936 439 1241 484 expressum.
1310 429 1362 468 et
1391 422 1507 468 addi
1535 426 1713 468 scimus
1733 423 1751 452 1

276 492 541 556 tinguendi
568 494 734 553 gratia
762 489 948 536 colores
978 497 1034 535 ut
1063 492 1379 552 pigmentum
1409 488 1608 551 aliquod
1637 492 1751 545 vini,

278 567 431 622 atque
446 562 518 604 ita
532 560 764 620 pinguius
781 556 902 602 fieri.
969 563 1048 602 tot
1065 556 1314 602 veneficiis
1328 555 1528 617 placere
1542 559 1752 618 cogitur,

277 634 330 673 et
351 628 588 671 miramur
610 627 813 669 noxium
837 639 960 669 esse.

342 692 401 738 In
444 694 619 737 vitium
662 689 944 736 inclinantis
990 691 1391 750 experimentum
1437 695 1513 734 est
1556 687 1755 734 lamnae

278 758 546 821 plumbeae
568 764 793 802 mutatus
817 759 867 801 in
892 772 950 801 eo
974 755 1120 801 colos.

185 832 253 870 131
345 823 530 871 XXVI.
569 823 826 885 Proprium
847 829 1017 868 autem
1043 825 1174 867 inter
1199 821 1412 883 liquores
1435 824 1546 867 vino
1566 837 1755 867 muces-

280 908 394 938 cere
446 897 533 936 aut
580 893 631 935 in
683 896 883 935 acetum
933 892 1087 942 verti3
1153 894 1432 950 extantque
1478 887 1755 934 medicinae

281 958 547 1003 volumina.
618 955 735 1002 faex
782 958 880 1001 vini
927 958 1114 1001 siccata
1152 957 1328 1016 recipit
1366 957 1506 1016 ignes
1547 970 1604 1000 ac
1650 957 1756 1000 sine

281 1024 520 1070 alimento
554 1039 644 1084 per
678 1038 788 1068 sese
824 1021 1032 1083 flagrat3
1076 1024 1197 1067 cinis
1232 1024 1335 1066 eius
1372 1024 1489 1066 nitri
1525 1027 1756 1066 naturam

281 1090 437 1136 habet
480 1089 785 1151 easdemque
825 1091 968 1143 vires,
1003 1087 1096 1134 hoc
1125 1087 1336 1149 amplius
1367 1087 1500 1149 quod
1529 1090 1758 1149 pinguior

281 1159 511 1204 sentitur.

193 1230 268 1269 132
354 1222 567 1268 XXVII.
606 1220 798 1283 Magna
824 1227 876 1267 et
901 1219 1108 1266 collecto
1133 1222 1235 1265 iam
1262 1222 1374 1265 vino
1399 1218 1680 1265 differentia
1707 1222 1757 1265 in

280 1289 435 1336 caelo.
503 1292 633 1335 circa
657 1288 811 1349 Alpes
837 1287 1012 1349 ligneis
1039 1289 1164 1332 vasis
1189 1286 1411 1332 condunt
1435 1285 1719 1349 tegulisque
1739 1286 1758 1315 2

281 1359 506 1418 cingunt,
540 1361 694 1416 atque
729 1357 884 1400 etiam
918 1353 1083 1399 hieme
1116 1352 1283 1415 gelida
1316 1353 1511 1415 ignibus
1544 1356 1757 1415 rigorem

282 1429 470 1468 arcent.
537 1438 703 1466 rarum
746 1421 901 1474 dictu,
943 1420 1032 1465 sed
1075 1419 1341 1481 aliquando
1385 1422 1559 1473 visum,
1600 1423 1758 1481 ruptis

283 1492 408 1535 vasis
430 1494 619 1534 stetere
641 1487 891 1549 glaciatae
912 1486 1084 1540 moles,
1106 1486 1317 1548 prodigii
1338 1485 1503 1540 modo,
1525 1489 1757 1548 quoniam

283 1558 381 1601 vini
397 1562 577 1601 natura
596 1570 694 1599 non
710 1553 946 1616 gelascit:
971 1553 1092 1598 alias
1106 1552 1170 1598 ad
1187 1552 1340 1615 frigus
1358 1559 1529 1614 stupet
1542 1559 1758 1598 tantum.

185 1629 261 1668 133
284 1625 506 1667 mitiores
545 1620 726 1683 plagae
766 1620 907 1666 doliis
946 1619 1166 1666 condunt
1207 1618 1556 1681 infodiuntque
1593 1626 1760 1665 terrae

281 1695 392 1734 tota
413 1694 499 1733 aut
519 1687 583 1733 ad
599 1689 881 1749 portionem
899 1689 1022 1732 situs
1045 1685 1090 1731 :3
1125 1689 1197 1731 ita
1212 1685 1232 1714 4
1254 1685 1446 1731 caelum
1467 1683 1732 1746 prohibent
1750 1701 1760 1730 :

287 1755 403 1800 alibi
420 1770 536 1800 vero
556 1756 799 1816 impositis
818 1757 967 1798 tectis
993 1759 1180 1798 arcent.
1231 1752 1540 1814 traduntque
1561 1758 1613 1797 et
1637 1751 1760 1798 haec

282 1828 583 1883 praecepta:
652 1819 784 1866 latus
810 1818 967 1866 cellae
993 1822 1212 1864 vinariae
1239 1826 1325 1864 aut
1349 1825 1487 1865 certe
1516 1817 1761 1864 fenestras

425 1957 439 1981 1
471 1955 691 2006 Maylzoff:
723 1956 998 1994 addiscimus.

425 2012 441 2086 ‘g‘
469 2010 740 2102 ‘oleglulsiislffiise‘2
774 2010 824 2048 M
827 2009 972 2060 aykoff
986 2024 994 2049 :
1027 2009 1239 2060 tectisque
1259 2013 1332 2048 aut
1352 2008 1617 2060 circulisque.

424 2117 440 2141 ⁴
470 2090 840 2167 fliaffoffz'item.

342 2345 360 2362 ⁰
389 2336 425 2375 A
453 2336 713 2385 conjectural
739 2337 1044 2376 emendation:
1087 2337 1163 2375 the
1188 2337 1306 2377 MSS.
1333 2337 1432 2388 give
1459 2335 1469 2352 ‘
1488 2337 1592 2376 with
1619 2337 1754 2376 roofs'

289 2404 336 2430 or
359 2390 368 2406 ‘
386 2391 489 2429 with
511 2389 676 2440 hoops.'

344 2443 359 2468 ὁ
388 2443 462 2483 I.e.
492 2457 540 2482 so
561 2458 607 2483 as
630 2449 677 2483 to
700 2456 828 2482 cover
848 2456 906 2494 up
937 2457 962 2482 a
992 2444 1163 2492 portion
1192 2443 1236 2482 of
1266 2443 1380 2483 their
1411 2443 1560 2494 height,
1591 2458 1636 2483 as
1657 2444 1762 2495 thoy

291 2511 362 2536 are
401 2498 564 2548 placed.
625 2496 660 2534 A
696 2497 869 2535 variant
906 2497 1080 2547 reading
1118 2509 1254 2535 seems
1291 2501 1338 2536 to
1376 2509 1502 2536 mean
1537 2496 1623 2549 ‘up
1658 2503 1704 2536 to
1736 2510 1761 2536 a

291 2551 464 2601 portion
484 2550 532 2590 of
547 2550 622 2590 the
643 2563 775 2590 curve
796 2550 840 2589 of
861 2549 937 2590 the
956 2549 1054 2600 jar.'

289 2640 376 2685 272
