1909 2998
533 185 777 230 PLINY:
842 182 1170 228 NATURAL
1216 181 1510 227 HISTORY

283 320 371 367 sed
409 319 540 365 nulla
576 319 798 381 pluribus
825 317 900 362 bis
936 319 1175 379 septenis,
1210 318 1375 361 omnia
1412 322 1462 361 et
1500 318 1628 360 intra
1663 330 1754 360 vm

283 407 347 453 id.
378 407 467 451 Iul.
495 408 765 451 etesiarum
788 420 1071 467 praecursu.

188 503 262 540 105
353 492 545 539 XLIII.
599 491 704 537 Nec
738 494 910 537 statim
936 489 1124 535 fructus
1158 492 1383 550 sequitur
1415 492 1465 533 in
1499 488 1757 550 aliquibus.

284 596 460 626 cornus
498 581 631 624 enim
667 580 796 623 circa
832 577 1043 622 solstitia
1078 575 1245 621 reddit
1280 578 1440 638 primo
1476 574 1760 629 candidum,

285 673 465 731 postea
511 667 857 728 sanguineum.
949 679 1011 709 ex
1065 678 1125 708 eo
1178 677 1366 724 genere
1414 660 1602 707 femina
1646 668 1761 724 post

288 760 585 799 autumnum
616 750 716 797 fert
740 751 888 796 bacas
914 749 1118 796 acerbas
1145 756 1197 795 et
1223 747 1547 811 ingustabiles
1572 751 1761 794 cunctis

287 839 641 893 animantibus,
674 838 808 900 ligno
838 853 1036 899 quoque
1072 835 1284 898 fungosa
1321 842 1374 881 et
1409 835 1613 890 inutilis,
1648 851 1761 880 cum

287 944 393 973 mas
422 943 449 972 e
478 925 755 971 fortissimis
781 924 1153 985 durissimisque
1180 926 1272 968 sit:
1311 929 1456 968 tanta
1481 920 1763 967 differentia

190 1022 265 1060 106
291 1015 353 1059 ab
379 1013 559 1059 eodem
584 1028 771 1075 genere
804 1011 858 1056 fit
888 1027 1026 1056 sexu.
1097 1017 1149 1055 et
1178 1007 1494 1056 terebinthus
1520 1009 1761 1054 messibus

284 1100 451 1146 reddit
488 1116 662 1145 semen
706 1106 759 1144 et
797 1114 912 1143 acer
954 1104 1007 1143 et
1052 1096 1290 1151 fraxinus,
1329 1112 1480 1141 nuces
1526 1102 1579 1142 et
1632 1095 1763 1140 mala

288 1195 339 1234 et
358 1190 467 1250 pira
489 1192 849 1249 praeterquam
873 1183 1083 1229 hiberna
1108 1190 1195 1229 aut
1217 1185 1479 1246 praecocia
1504 1189 1762 1237 autumno,

286 1272 595 1337 glandiferae
650 1274 805 1318 serius
858 1274 1153 1325 etiamnum,
1203 1268 1520 1332 vergiliarum
1570 1285 1761 1322 occasu,

288 1360 511 1406 aesculus
546 1366 747 1405 tantum
784 1365 1044 1412 autumno,
1077 1359 1349 1418 incipiente
1385 1363 1555 1401 autem
1597 1354 1762 1401 hieme

289 1447 537 1510 quaedam
571 1461 759 1509 genera
783 1445 900 1490 mali
924 1447 1119 1507 pirique
1147 1450 1200 1489 et
1227 1444 1388 1489 suber.
1458 1443 1594 1488 abies
1620 1441 1764 1489 floret

288 1537 416 1581 croci
474 1533 636 1579 colore
685 1536 814 1578 circa
875 1531 1159 1586 solstitium,
1207 1547 1380 1576 semen
1432 1529 1599 1576 reddit
1650 1536 1765 1593 post

289 1620 605 1684 vergiliarum
653 1633 912 1673 occasum3
945 1621 1091 1681 pinus
1139 1624 1311 1663 autem
1360 1623 1412 1662 et
1445 1620 1590 1680 picea
1622 1632 1765 1680 prae-

290 1710 497 1754 veniunt
532 1708 899 1769 germinatione
945 1719 1008 1750 xv
1057 1703 1162 1750 fere
1189 1704 1383 1759 diebus,
1431 1719 1604 1749 semen
1650 1719 1765 1749 vero

288 1801 403 1858 post
427 1792 656 1856 vergilias
683 1800 736 1838 et
760 1796 898 1855 ipsae
925 1791 1158 1837 reddunt.

193 1890 267 1927 107
354 1879 537 1926 XLIV.
570 1880 769 1925 Citreae
788 1886 840 1924 et
856 1881 1108 1941 iuniperus
1123 1884 1175 1924 et
1191 1877 1290 1923 ilex
1308 1875 1562 1923 anniferae
1578 1875 1765 1923 haben-

291 1967 409 2023 tur,1
428 1982 683 2028 novusque
705 1965 893 2011 fructus
913 1968 964 2010 in
980 1964 1053 2010 his
1073 1981 1185 2010 cum
1206 1967 1444 2009 annotino
1459 1963 1666 2026 pendet.
1715 1966 1764 2008 in

291 2057 510 2100 maxima
527 2060 700 2099 tamen
720 2052 1049 2098 admiratione
1067 2054 1213 2115 pinus
1234 2058 1309 2096 est
1328 2067 1337 2096 :
1374 2049 1530 2096 habet
1548 2049 1764 2096 fructum

292 2146 733 2194 maturescentem,
755 2137 911 2184 habet
927 2141 1158 2201 ,proximo
1182 2154 1311 2182 anno
1334 2136 1396 2182 ad
1419 2140 1763 2183 maturitatem

292 2235 558 2273 venturum
579 2242 635 2271 ac
655 2225 838 2271 deinde
858 2228 1026 2271 tertio.
1095 2241 1187 2270 nec
1208 2223 1304 2269 ulla
1326 2224 1556 2269 arborum
1577 2223 1764 2269 avidius

292 2330 344 2360 se
364 2315 642 2377 promittit:
682 2328 779 2374 quo
800 2327 971 2357 mense
994 2328 1056 2356 ex
1078 2327 1136 2356 ea
1158 2327 1259 2355 nux
1280 2310 1566 2373 decerpitur
1586 2309 1763 2356 eodem

737 2458 752 2481 ยน
783 2456 1021 2496 habeantur
1043 2460 1060 2496 โถ?
1078 2455 1303 2496 Rackham.

289 2556 378 2615 456
