<?xml version="1.0" encoding="UTF-8"?>
<!DOCTYPE html PUBLIC "-//W3C//DTD XHTML 1.0 Transitional//EN"
    "http://www.w3.org/TR/xhtml1/DTD/xhtml1-transitional.dtd">
<html xmlns="http://www.w3.org/1999/xhtml" xml:lang="en" lang="en">
 <head>
  <title>
</title>
<meta http-equiv="Content-Type" content="text/html;charset=utf-8" />
  <meta name='ocr-system' content='tesseract 3.04.00' />
  <meta name='ocr-capabilities' content='ocr_page ocr_carea ocr_par ocr_line ocrx_word'/>
</head>
<body>
  <div class='ocr_page' id='page_1' title='image "./naturalhistory04plinuoft/naturalhistory04plinuoft_0188.png"; bbox 0 0 1909 2998; ppageno 0'>
   <div class='ocr_carea' id='block_1_1' title="bbox 601 199 1576 246">
    <p class='ocr_par' dir='ltr' id='par_1_1' title="bbox 601 199 1576 246">
     <span class='ocr_line' id='line_1_1' title="bbox 601 199 1576 246; baseline 0.002 -2"><span class='ocrx_word' id='word_1_1' title='bbox 601 199 844 245; x_wconf 89' lang='lat' dir='ltr'>PLINY:</span> <span class='ocrx_word' id='word_1_2' title='bbox 908 199 1236 245; x_wconf 87' lang='lat' dir='ltr'><strong>NATURAL</strong></span> <span class='ocrx_word' id='word_1_3' title='bbox 1280 199 1576 246; x_wconf 87' lang='lat' dir='ltr'><strong>HISTORY</strong></span> 
     </span>
    </p>
   </div>
   <div class='ocr_carea' id='block_1_2' title="bbox 239 327 1823 2378">
    <p class='ocr_par' dir='ltr' id='par_1_2' title="bbox 244 327 1823 822">
     <span class='ocr_line' id='line_1_2' title="bbox 244 327 1822 390; baseline 0.003 -20"><span class='ocrx_word' id='word_1_4' title='bbox 244 334 315 372; x_wconf 90' lang='grc'>131</span> <span class='ocrx_word' id='word_1_5' title='bbox 345 328 573 372; x_wconf 87' lang='lat' dir='ltr'>omnibus</span> <span class='ocrx_word' id='word_1_6' title='bbox 603 334 911 390; x_wconf 77' lang='lat' dir='ltr'><strong>praestante.</strong></span> <span class='ocrx_word' id='word_1_7' title='bbox 981 329 1101 388; x_wconf 81' lang='lat' dir='ltr'>quin</span> <span class='ocrx_word' id='word_1_8' title='bbox 1139 333 1192 372; x_wconf 92' lang='lat' dir='ltr'>et</span> <span class='ocrx_word' id='word_1_9' title='bbox 1221 327 1495 372; x_wconf 79' lang='lat' dir='ltr'><strong>nutricibus</strong></span> <span class='ocrx_word' id='word_1_10' title='bbox 1531 330 1581 372; x_wconf 92' lang='lat' dir='ltr'>in</span> <span class='ocrx_word' id='word_1_11' title='bbox 1618 327 1822 375; x_wconf 84' lang='lat' dir='ltr'>defectu</span> 
     </span>
     <span class='ocr_line' id='line_1_3' title="bbox 342 412 1822 476; baseline 0.001 -18"><span class='ocrx_word' id='word_1_12' title='bbox 342 413 483 458; x_wconf 87' lang='lat' dir='ltr'>lactis</span> <span class='ocrx_word' id='word_1_13' title='bbox 523 413 715 458; x_wconf 85' lang='lat' dir='ltr'>aridum</span> <span class='ocrx_word' id='word_1_14' title='bbox 752 420 905 475; x_wconf 90' lang='lat' dir='ltr'>atque</span> <span class='ocrx_word' id='word_1_15' title='bbox 956 416 1005 457; x_wconf 92' lang='lat' dir='ltr'>in</span> <span class='ocrx_word' id='word_1_16' title='bbox 1045 429 1175 475; x_wconf 87' lang='lat' dir='ltr'>aqua</span> <span class='ocrx_word' id='word_1_17' title='bbox 1220 412 1486 458; x_wconf 90' lang='lat' dir='ltr'>decoctum</span> <span class='ocrx_word' id='word_1_18' title='bbox 1526 417 1668 476; x_wconf 91' lang='lat' dir='ltr'>potui</span> <span class='ocrx_word' id='word_1_19' title='bbox 1707 430 1822 460; x_wconf 90' lang='lat' dir='ltr'>cum</span> 
     </span>
     <span class='ocr_line' id='line_1_4' title="bbox 342 498 1822 561; baseline 0.001 -16"><span class='ocrx_word' id='word_1_20' title='bbox 342 502 456 545; x_wconf 89' lang='lat' dir='ltr'>vino</span> <span class='ocrx_word' id='word_1_21' title='bbox 522 499 630 544; x_wconf 88' lang='lat' dir='ltr'>dari</span> <span class='ocrx_word' id='word_1_22' title='bbox 697 499 857 554; x_wconf 93' lang='lat' dir='ltr'>iubet,</span> <span class='ocrx_word' id='word_1_23' title='bbox 918 498 1156 544; x_wconf 86' lang='lat' dir='ltr'>firmiores</span> <span class='ocrx_word' id='word_1_24' title='bbox 1212 498 1545 561; x_wconf 80' lang='lat' dir='ltr'>celsioresque</span> <span class='ocrx_word' id='word_1_25' title='bbox 1604 499 1822 547; x_wconf 88' lang='lat' dir='ltr'>infantes</span> 
     </span>
     <span class='ocr_line' id='line_1_5' title="bbox 343 585 1823 647; baseline 0.002 -17"><span class='ocrx_word' id='word_1_26' title='bbox 343 585 476 639; x_wconf 79' lang='lat' dir='ltr'>fore3</span> <span class='ocrx_word' id='word_1_27' title='bbox 522 585 731 631; x_wconf 78' lang='lat' dir='ltr'>viridem</span> <span class='ocrx_word' id='word_1_28' title='bbox 760 588 914 630; x_wconf 89' lang='lat' dir='ltr'>etiam</span> <span class='ocrx_word' id='word_1_29' title='bbox 942 585 1155 647; x_wconf 82' lang='lat' dir='ltr'>gallinis,</span> <span class='ocrx_word' id='word_1_30' title='bbox 1185 592 1272 630; x_wconf 88' lang='lat' dir='ltr'>aut</span> <span class='ocrx_word' id='word_1_31' title='bbox 1301 588 1340 630; x_wconf 90' lang='lat' dir='ltr'>si</span> <span class='ocrx_word' id='word_1_32' title='bbox 1368 588 1627 642; x_wconf 78' lang='lat' dir='ltr'>inaruerit,</span> <span class='ocrx_word' id='word_1_33' title='bbox 1654 587 1823 633; x_wconf 86' lang='lat' dir='ltr'>made-</span> 
     </span>
     <span class='ocr_line' id='line_1_6' title="bbox 342 670 1823 735; baseline 0.001 -18"><span class='ocrx_word' id='word_1_34' title='bbox 342 670 547 717; x_wconf 86' lang='lat' dir='ltr'>factum.</span> <span class='ocrx_word' id='word_1_35' title='bbox 617 688 736 734; x_wconf 87' lang='lat' dir='ltr'>apes</span> <span class='ocrx_word' id='word_1_36' title='bbox 759 688 958 734; x_wconf 90' lang='lat' dir='ltr'>quoque</span> <span class='ocrx_word' id='word_1_37' title='bbox 981 687 1255 733; x_wconf 83' lang='lat' dir='ltr'>numquam</span> <span class='ocrx_word' id='word_1_38' title='bbox 1277 670 1451 717; x_wconf 89' lang='lat' dir='ltr'>defore</span> <span class='ocrx_word' id='word_1_39' title='bbox 1473 675 1619 735; x_wconf 86' lang='lat' dir='ltr'>cytisi</span> <span class='ocrx_word' id='word_1_40' title='bbox 1639 673 1823 735; x_wconf 91' lang='lat' dir='ltr'>pabulo</span> 
     </span>
     <span class='ocr_line' id='line_1_7' title="bbox 340 758 1823 822; baseline 0.001 -19"><span class='ocrx_word' id='word_1_41' title='bbox 340 762 667 821; x_wconf 77' lang='lat' dir='ltr'>contingente</span> <span class='ocrx_word' id='word_1_42' title='bbox 714 761 1020 822; x_wconf 89' lang='lat' dir='ltr'>promittunt</span> <span class='ocrx_word' id='word_1_43' title='bbox 1069 758 1389 804; x_wconf 77' lang='lat' dir='ltr'>Democritus</span> <span class='ocrx_word' id='word_1_44' title='bbox 1438 765 1591 821; x_wconf 86' lang='lat' dir='ltr'>atque</span> <span class='ocrx_word' id='word_1_45' title='bbox 1633 760 1823 806; x_wconf 89' lang='lat' dir='ltr'>Aristo-</span> 
     </span>
    </p>

    <p class='ocr_par' dir='ltr' id='par_1_3' title="bbox 242 844 1822 1427">
     <span class='ocr_line' id='line_1_8' title="bbox 242 844 1822 908; baseline 0.002 -19"><span class='ocrx_word' id='word_1_46' title='bbox 242 851 319 890; x_wconf 87' lang='grc'>132</span> <span class='ocrx_word' id='word_1_47' title='bbox 344 844 563 891; x_wconf 87' lang='lat' dir='ltr'>machus.</span> <span class='ocrx_word' id='word_1_48' title='bbox 632 862 725 891; x_wconf 89' lang='lat' dir='ltr'>nec</span> <span class='ocrx_word' id='word_1_49' title='bbox 742 845 877 891; x_wconf 91' lang='lat' dir='ltr'>aliud</span> <span class='ocrx_word' id='word_1_50' title='bbox 894 848 1096 890; x_wconf 89' lang='lat' dir='ltr'>minoris</span> <span class='ocrx_word' id='word_1_51' title='bbox 1115 845 1339 908; x_wconf 90' lang='lat' dir='ltr'>impendi</span> <span class='ocrx_word' id='word_1_52' title='bbox 1358 852 1449 891; x_wconf 89' lang='lat' dir='ltr'>est.</span> <span class='ocrx_word' id='word_1_53' title='bbox 1511 848 1693 891; x_wconf 87' lang='lat' dir='ltr'>seritur</span> <span class='ocrx_word' id='word_1_54' title='bbox 1709 863 1822 892; x_wconf 90' lang='lat' dir='ltr'>cum</span> 
     </span>
     <span class='ocr_line' id='line_1_9' title="bbox 340 931 1822 995; baseline 0.001 -18"><span class='ocrx_word' id='word_1_55' title='bbox 340 931 583 978; x_wconf 87' lang='lat' dir='ltr'>hordeum</span> <span class='ocrx_word' id='word_1_56' title='bbox 634 939 721 978; x_wconf 87' lang='lat' dir='ltr'>aut</span> <span class='ocrx_word' id='word_1_57' title='bbox 770 949 887 978; x_wconf 88' lang='lat' dir='ltr'>vere</span> <span class='ocrx_word' id='word_1_58' title='bbox 937 935 1127 978; x_wconf 84' lang='lat' dir='ltr'>semine</span> <span class='ocrx_word' id='word_1_59' title='bbox 1179 939 1235 978; x_wconf 89' lang='lat' dir='ltr'>ut</span> <span class='ocrx_word' id='word_1_60' title='bbox 1283 948 1504 995; x_wconf 90' lang='lat' dir='ltr'>porrum,</span> <span class='ocrx_word' id='word_1_61' title='bbox 1554 931 1633 978; x_wconf 91' lang='lat' dir='ltr'>vel</span> <span class='ocrx_word' id='word_1_62' title='bbox 1680 933 1822 979; x_wconf 91' lang='lat' dir='ltr'>caule</span> 
     </span>
     <span class='ocr_line' id='line_1_10' title="bbox 341 1018 1821 1075; baseline 0.001 -11"><span class='ocrx_word' id='word_1_63' title='bbox 341 1026 582 1064; x_wconf 88' lang='lat' dir='ltr'>autumno</span> <span class='ocrx_word' id='word_1_64' title='bbox 615 1026 732 1065; x_wconf 90' lang='lat' dir='ltr'>ante</span> <span class='ocrx_word' id='word_1_65' title='bbox 764 1019 1011 1075; x_wconf 87' lang='lat' dir='ltr'>brumam,</span> <span class='ocrx_word' id='word_1_66' title='bbox 1042 1022 1082 1064; x_wconf 93' lang='lat' dir='ltr'>si</span> <span class='ocrx_word' id='word_1_67' title='bbox 1114 1021 1322 1074; x_wconf 89' lang='lat' dir='ltr'>semine,</span> <span class='ocrx_word' id='word_1_68' title='bbox 1355 1018 1615 1064; x_wconf 88' lang='lat' dir='ltr'>madidum</span> <span class='ocrx_word' id='word_1_69' title='bbox 1647 1027 1752 1075; x_wconf 89' lang='lat' dir='ltr'>aut,</span> <span class='ocrx_word' id='word_1_70' title='bbox 1782 1022 1821 1065; x_wconf 91' lang='lat' dir='ltr'>si</span> 
     </span>
     <span class='ocr_line' id='line_1_11' title="bbox 339 1105 1821 1169; baseline 0 -17"><span class='ocrx_word' id='word_1_71' title='bbox 339 1106 506 1152; x_wconf 78' lang='lat' dir='ltr'>desint</span> <span class='ocrx_word' id='word_1_72' title='bbox 566 1107 766 1161; x_wconf 85' lang='lat' dir='ltr'>imbres,</span> <span class='ocrx_word' id='word_1_73' title='bbox 827 1113 993 1151; x_wconf 91' lang='lat' dir='ltr'>satum</span> <span class='ocrx_word' id='word_1_74' title='bbox 1054 1122 1184 1168; x_wconf 87' lang='lat' dir='ltr'>aqua</span> <span class='ocrx_word' id='word_1_75' title='bbox 1208 1105 1227 1134; x_wconf 79' lang='lat'>1</span> <span class='ocrx_word' id='word_1_76' title='bbox 1285 1108 1550 1169; x_wconf 83' lang='lat' dir='ltr'>spargitur.</span> <span class='ocrx_word' id='word_1_77' title='bbox 1618 1105 1821 1168; x_wconf 83' lang='lat' dir='ltr'>plantae</span> 
     </span>
     <span class='ocr_line' id='line_1_12' title="bbox 338 1191 1822 1255; baseline 0.001 -18"><span class='ocrx_word' id='word_1_78' title='bbox 338 1192 580 1238; x_wconf 80' lang='lat' dir='ltr'>cubitales</span> <span class='ocrx_word' id='word_1_79' title='bbox 624 1191 995 1238; x_wconf 88' lang='lat' dir='ltr'>transferuntur</span> <span class='ocrx_word' id='word_1_80' title='bbox 1037 1192 1210 1238; x_wconf 88' lang='lat' dir='ltr'>scrobe</span> <span class='ocrx_word' id='word_1_81' title='bbox 1253 1191 1438 1254; x_wconf 89' lang='lat' dir='ltr'>pedali.</span> <span class='ocrx_word' id='word_1_82' title='bbox 1507 1195 1691 1238; x_wconf 89' lang='lat' dir='ltr'>seritur</span> <span class='ocrx_word' id='word_1_83' title='bbox 1730 1208 1822 1255; x_wconf 89' lang='lat' dir='ltr'>per</span> 
     </span>
     <span class='ocr_line' id='line_1_13' title="bbox 339 1277 1822 1341; baseline 0.001 -18"><span class='ocrx_word' id='word_1_84' title='bbox 339 1281 656 1340; x_wconf 86' lang='lat' dir='ltr'>aequinoctia</span> <span class='ocrx_word' id='word_1_85' title='bbox 697 1285 875 1324; x_wconf 89' lang='lat' dir='ltr'>tenero</span> <span class='ocrx_word' id='word_1_86' title='bbox 919 1277 1117 1333; x_wconf 89' lang='lat' dir='ltr'>frutice,</span> <span class='ocrx_word' id='word_1_87' title='bbox 1159 1277 1417 1341; x_wconf 86' lang='lat' dir='ltr'>perficitur</span> <span class='ocrx_word' id='word_1_88' title='bbox 1459 1279 1694 1334; x_wconf 89' lang='lat' dir='ltr'>triennio,</span> <span class='ocrx_word' id='word_1_89' title='bbox 1737 1278 1822 1324; x_wconf 90' lang='lat' dir='ltr'>de-</span> 
     </span>
     <span class='ocr_line' id='line_1_14' title="bbox 338 1363 1822 1427; baseline 0 -17"><span class='ocrx_word' id='word_1_90' title='bbox 338 1368 547 1411; x_wconf 88' lang='lat' dir='ltr'>metitur</span> <span class='ocrx_word' id='word_1_91' title='bbox 588 1382 739 1410; x_wconf 88' lang='lat' dir='ltr'>verno</span> <span class='ocrx_word' id='word_1_92' title='bbox 782 1367 1116 1427; x_wconf 79' lang='lat' dir='ltr'>aequinoctiO,</span> <span class='ocrx_word' id='word_1_93' title='bbox 1158 1381 1272 1410; x_wconf 88' lang='lat' dir='ltr'>cum</span> <span class='ocrx_word' id='word_1_94' title='bbox 1314 1363 1490 1410; x_wconf 90' lang='lat' dir='ltr'>florere</span> <span class='ocrx_word' id='word_1_95' title='bbox 1533 1363 1702 1419; x_wconf 88' lang='lat' dir='ltr'>desiit,</span> <span class='ocrx_word' id='word_1_96' title='bbox 1744 1365 1822 1411; x_wconf 91' lang='lat' dir='ltr'>vel</span> 
     </span>
    </p>

    <p class='ocr_par' dir='ltr' id='par_1_4' title="bbox 240 1451 1822 2017">
     <span class='ocr_line' id='line_1_15' title="bbox 240 1451 1822 1514; baseline 0.001 -19"><span class='ocrx_word' id='word_1_97' title='bbox 240 1457 315 1496; x_wconf 85' lang='lat'>133</span> <span class='ocrx_word' id='word_1_98' title='bbox 339 1454 481 1514; x_wconf 91' lang='lat' dir='ltr'>pueri</span> <span class='ocrx_word' id='word_1_99' title='bbox 521 1468 705 1497; x_wconf 83' lang='lat' dir='ltr'>anusve</span> <span class='ocrx_word' id='word_1_100' title='bbox 745 1451 980 1496; x_wconf 90' lang='lat' dir='ltr'>vilissima</span> <span class='ocrx_word' id='word_1_101' title='bbox 1018 1467 1184 1513; x_wconf 87' lang='lat' dir='ltr'>opera.</span> <span class='ocrx_word' id='word_1_102' title='bbox 1253 1467 1405 1496; x_wconf 88' lang='lat' dir='ltr'>canus</span> <span class='ocrx_word' id='word_1_103' title='bbox 1446 1457 1672 1513; x_wconf 89' lang='lat' dir='ltr'>aspectu,</span> <span class='ocrx_word' id='word_1_104' title='bbox 1711 1451 1822 1496; x_wconf 87' lang='lat' dir='ltr'>bre-</span> 
     </span>
     <span class='ocr_line' id='line_1_16' title="bbox 339 1536 1821 1600; baseline 0 -17"><span class='ocrx_word' id='word_1_105' title='bbox 339 1541 565 1600; x_wconf 87' lang='lat' dir='ltr'>viterque</span> <span class='ocrx_word' id='word_1_106' title='bbox 628 1541 668 1583; x_wconf 88' lang='lat' dir='ltr'>si</span> <span class='ocrx_word' id='word_1_107' title='bbox 730 1541 838 1599; x_wconf 85' lang='lat' dir='ltr'>quis</span> <span class='ocrx_word' id='word_1_108' title='bbox 901 1540 1182 1600; x_wconf 84' lang='lat' dir='ltr'>exprimere</span> <span class='ocrx_word' id='word_1_109' title='bbox 1244 1536 1622 1582; x_wconf 89' lang='lat' dir='ltr'>similitudinem</span> <span class='ocrx_word' id='word_1_110' title='bbox 1684 1537 1821 1593; x_wconf 87' lang='lat' dir='ltr'>velit,</span> 
     </span>
     <span class='ocr_line' id='line_1_17' title="bbox 339 1622 1821 1686; baseline 0.001 -17"><span class='ocrx_word' id='word_1_111' title='bbox 339 1624 637 1686; x_wconf 83' lang='lat' dir='ltr'>angustioris</span> <span class='ocrx_word' id='word_1_112' title='bbox 691 1623 845 1669; x_wconf 88' lang='lat' dir='ltr'>trifoli</span> <span class='ocrx_word' id='word_1_113' title='bbox 899 1622 1084 1670; x_wconf 85' lang='lat' dir='ltr'>frutex.</span> <span class='ocrx_word' id='word_1_114' title='bbox 1153 1623 1304 1669; x_wconf 88' lang='lat' dir='ltr'>datur</span> <span class='ocrx_word' id='word_1_115' title='bbox 1358 1622 1653 1669; x_wconf 87' lang='lat' dir='ltr'>animalibus</span> <span class='ocrx_word' id='word_1_116' title='bbox 1706 1631 1821 1686; x_wconf 86' lang='lat' dir='ltr'>post</span> 
     </span>
     <span class='ocr_line' id='line_1_18' title="bbox 338 1709 1818 1773; baseline 0 -17"><span class='ocrx_word' id='word_1_117' title='bbox 338 1711 545 1756; x_wconf 86' lang='lat' dir='ltr'>biduum</span> <span class='ocrx_word' id='word_1_118' title='bbox 576 1727 790 1773; x_wconf 81' lang='lat' dir='ltr'>semper,</span> <span class='ocrx_word' id='word_1_119' title='bbox 822 1709 986 1755; x_wconf 89' lang='lat' dir='ltr'>hieme</span> <span class='ocrx_word' id='word_1_120' title='bbox 1018 1727 1135 1755; x_wconf 91' lang='lat' dir='ltr'>vero</span> <span class='ocrx_word' id='word_1_121' title='bbox 1166 1709 1299 1772; x_wconf 91' lang='lat' dir='ltr'>quod</span> <span class='ocrx_word' id='word_1_122' title='bbox 1329 1712 1515 1755; x_wconf 85' lang='lat' dir='ltr'>inaruit</span> <span class='ocrx_word' id='word_1_123' title='bbox 1545 1709 1818 1756; x_wconf 85' lang='lat' dir='ltr'>madidum.</span> 
     </span>
     <span class='ocr_line' id='line_1_19' title="bbox 338 1797 1820 1859; baseline -0.001 -16"><span class='ocrx_word' id='word_1_124' title='bbox 338 1801 525 1843; x_wconf 87' lang='lat' dir='ltr'>satiant</span> <span class='ocrx_word' id='word_1_125' title='bbox 559 1814 712 1859; x_wconf 87' lang='lat' dir='ltr'>equos</span> <span class='ocrx_word' id='word_1_126' title='bbox 746 1797 908 1842; x_wconf 83' lang='lat' dir='ltr'>denae</span> <span class='ocrx_word' id='word_1_127' title='bbox 941 1797 1096 1842; x_wconf 83' lang='lat' dir='ltr'>librae</span> <span class='ocrx_word' id='word_1_128' title='bbox 1132 1803 1184 1842; x_wconf 90' lang='lat' dir='ltr'>et</span> <span class='ocrx_word' id='word_1_129' title='bbox 1218 1797 1282 1842; x_wconf 86' lang='lat' dir='ltr'>ad</span> <span class='ocrx_word' id='word_1_130' title='bbox 1313 1799 1596 1859; x_wconf 90' lang='lat' dir='ltr'>portionem</span> <span class='ocrx_word' id='word_1_131' title='bbox 1629 1799 1820 1842; x_wconf 90' lang='lat' dir='ltr'>minora</span> 
     </span>
     <span class='ocr_line' id='line_1_20' title="bbox 339 1882 1817 1946; baseline -0.001 -17"><span class='ocrx_word' id='word_1_132' title='bbox 339 1884 585 1929; x_wconf 84' lang='lat' dir='ltr'>animalia.</span> <span class='ocrx_word' id='word_1_133' title='bbox 655 1885 917 1946; x_wconf 87' lang='lat' dir='ltr'>obiterque</span> <span class='ocrx_word' id='word_1_134' title='bbox 954 1886 1086 1929; x_wconf 87' lang='lat' dir='ltr'>inter</span> <span class='ocrx_word' id='word_1_135' title='bbox 1119 1883 1316 1929; x_wconf 89' lang='lat' dir='ltr'>ordines</span> <span class='ocrx_word' id='word_1_136' title='bbox 1355 1883 1505 1928; x_wconf 89' lang='lat' dir='ltr'>alium</span> <span class='ocrx_word' id='word_1_137' title='bbox 1542 1882 1634 1928; x_wconf 78' lang='lat' dir='ltr'>ac2</span> <span class='ocrx_word' id='word_1_138' title='bbox 1669 1899 1817 1946; x_wconf 88' lang='lat' dir='ltr'>cepas</span> 
     </span>
     <span class='ocr_line' id='line_1_21' title="bbox 338 1970 746 2017; baseline 0 -1"><span class='ocrx_word' id='word_1_139' title='bbox 338 1974 435 2016; x_wconf 88' lang='lat' dir='ltr'>seri</span> <span class='ocrx_word' id='word_1_140' title='bbox 462 1970 627 2016; x_wconf 88' lang='lat' dir='ltr'>fertile</span> <span class='ocrx_word' id='word_1_141' title='bbox 655 1978 746 2017; x_wconf 91' lang='lat' dir='ltr'>est.</span> 
     </span>
    </p>

    <p class='ocr_par' dir='ltr' id='par_1_5' title="bbox 239 2055 1818 2378">
     <span class='ocr_line' id='line_1_22' title="bbox 239 2055 1818 2119; baseline 0.001 -19"><span class='ocrx_word' id='word_1_142' title='bbox 239 2064 315 2101; x_wconf 85' lang='lat'>134</span> <span class='ocrx_word' id='word_1_143' title='bbox 405 2058 643 2103; x_wconf 87' lang='lat' dir='ltr'>Inventus</span> <span class='ocrx_word' id='word_1_144' title='bbox 689 2065 766 2103; x_wconf 91' lang='lat' dir='ltr'>est</span> <span class='ocrx_word' id='word_1_145' title='bbox 810 2056 888 2102; x_wconf 89' lang='lat' dir='ltr'>hic</span> <span class='ocrx_word' id='word_1_146' title='bbox 933 2056 1099 2102; x_wconf 89' lang='lat' dir='ltr'>frutex</span> <span class='ocrx_word' id='word_1_147' title='bbox 1145 2060 1195 2102; x_wconf 90' lang='lat' dir='ltr'>in</span> <span class='ocrx_word' id='word_1_148' title='bbox 1240 2055 1439 2119; x_wconf 90' lang='lat' dir='ltr'>Cythno</span> <span class='ocrx_word' id='word_1_149' title='bbox 1482 2056 1659 2112; x_wconf 86' lang='lat' dir='ltr'>insula,</span> <span class='ocrx_word' id='word_1_150' title='bbox 1702 2056 1818 2102; x_wconf 89' lang='lat' dir='ltr'>inde</span> 
     </span>
     <span class='ocr_line' id='line_1_23' title="bbox 337 2143 1817 2206; baseline -0.001 -16"><span class='ocrx_word' id='word_1_151' title='bbox 337 2144 547 2190; x_wconf 89' lang='lat' dir='ltr'>tralatus</span> <span class='ocrx_word' id='word_1_152' title='bbox 581 2147 631 2189; x_wconf 91' lang='lat' dir='ltr'>in</span> <span class='ocrx_word' id='word_1_153' title='bbox 665 2160 836 2189; x_wconf 90' lang='lat' dir='ltr'>omnes</span> <span class='ocrx_word' id='word_1_154' title='bbox 872 2143 1132 2206; x_wconf 87' lang='lat' dir='ltr'>Cycladas,</span> <span class='ocrx_word' id='word_1_155' title='bbox 1165 2160 1281 2188; x_wconf 84' lang='lat' dir='ltr'>mox</span> <span class='ocrx_word' id='word_1_156' title='bbox 1315 2146 1365 2188; x_wconf 90' lang='lat' dir='ltr'>in</span> <span class='ocrx_word' id='word_1_157' title='bbox 1399 2143 1547 2188; x_wconf 90' lang='lat' dir='ltr'>urbes</span> <span class='ocrx_word' id='word_1_158' title='bbox 1582 2143 1817 2198; x_wconf 89' lang='lat' dir='ltr'>Graeces,</span> 
     </span>
     <span class='ocr_line' id='line_1_24' title="bbox 337 2232 1817 2293; baseline 0 -17"><span class='ocrx_word' id='word_1_159' title='bbox 337 2248 519 2293; x_wconf 88' lang='lat' dir='ltr'>magno</span> <span class='ocrx_word' id='word_1_160' title='bbox 577 2234 710 2276; x_wconf 85' lang='lat' dir='ltr'>casei</span> <span class='ocrx_word' id='word_1_161' title='bbox 767 2237 1030 2293; x_wconf 85' lang='lat' dir='ltr'>proventu.</span> <span class='ocrx_word' id='word_1_162' title='bbox 1097 2237 1381 2293; x_wconf 85' lang='lat' dir='ltr'>praeterea,</span> <span class='ocrx_word' id='word_1_163' title='bbox 1441 2245 1540 2291; x_wconf 89' lang='lat' dir='ltr'>quo</span> <span class='ocrx_word' id='word_1_164' title='bbox 1599 2232 1817 2276; x_wconf 88' lang='lat' dir='ltr'>maxime</span> 
     </span>
     <span class='ocr_line' id='line_1_25' title="bbox 337 2313 1817 2378; baseline -0.001 -16"><span class='ocrx_word' id='word_1_165' title='bbox 337 2320 486 2362; x_wconf 88' lang='lat' dir='ltr'>miror</span> <span class='ocrx_word' id='word_1_166' title='bbox 502 2334 666 2362; x_wconf 84' lang='lat' dir='ltr'>rarum</span> <span class='ocrx_word' id='word_1_167' title='bbox 685 2333 792 2362; x_wconf 86' lang='lat' dir='ltr'>esse</span> <span class='ocrx_word' id='word_1_168' title='bbox 810 2320 859 2361; x_wconf 92' lang='lat' dir='ltr'>in</span> <span class='ocrx_word' id='word_1_169' title='bbox 880 2316 1043 2372; x_wconf 89' lang='lat' dir='ltr'>Italia,</span> <span class='ocrx_word' id='word_1_170' title='bbox 1060 2333 1159 2361; x_wconf 92' lang='lat' dir='ltr'>non</span> <span class='ocrx_word' id='word_1_171' title='bbox 1176 2323 1425 2371; x_wconf 88' lang='lat' dir='ltr'>aestuum,</span> <span class='ocrx_word' id='word_1_172' title='bbox 1443 2332 1541 2360; x_wconf 90' lang='lat' dir='ltr'>non</span> <span class='ocrx_word' id='word_1_173' title='bbox 1558 2313 1817 2378; x_wconf 86' lang='lat' dir='ltr'>frigorum,</span> 
     </span>
    </p>
   </div>
   <div class='ocr_carea' id='block_1_3' title="bbox 791 2462 1333 2566">
    <p class='ocr_par' dir='ltr' id='par_1_6' title="bbox 791 2462 1333 2566">
     <span class='ocr_line' id='line_1_26' title="bbox 791 2462 1333 2513; baseline 0 -12"><span class='ocrx_word' id='word_1_174' title='bbox 791 2463 807 2487; x_wconf 85' lang='lat'>²</span> <span class='ocrx_word' id='word_1_175' title='bbox 837 2476 949 2513; x_wconf 86' lang='lat' dir='ltr'>aqua</span> <span class='ocrx_word' id='word_1_176' title='bbox 969 2462 1096 2501; x_wconf 51' lang='lat' dir='ltr'>adds?</span> <span class='ocrx_word' id='word_1_177' title='bbox 1130 2462 1333 2512; x_wconf 72' lang='lat' dir='ltr'>Illayhoff.</span> 
     </span>
     <span class='ocr_line' id='line_1_27' title="bbox 795 2515 1332 2566; baseline 0.002 -12"><span class='ocrx_word' id='word_1_178' title='bbox 795 2518 809 2541; x_wconf 86' lang='lat'><strong>2</strong></span> <span class='ocrx_word' id='word_1_179' title='bbox 838 2529 888 2555; x_wconf 84' lang='lat' dir='ltr'>ac</span> <span class='ocrx_word' id='word_1_180' title='bbox 904 2517 1000 2556; x_wconf 76' lang='lat' dir='ltr'>add.</span> <span class='ocrx_word' id='word_1_181' title='bbox 1030 2515 1332 2566; x_wconf 71' lang='lat' dir='ltr'>Warminqton.</span> 
     </span>
    </p>
   </div>
   <div class='ocr_carea' id='block_1_4' title="bbox 343 2595 427 2652">
    <p class='ocr_par' dir='ltr' id='par_1_7' title="bbox 343 2595 427 2652">
     <span class='ocr_line' id='line_1_28' title="bbox 343 2595 427 2652; baseline 0.012 -14"><span class='ocrx_word' id='word_1_182' title='bbox 343 2595 427 2652; x_wconf 87' lang='lat'>176</span> 
     </span>
    </p>
   </div>
  </div>
 </body>
</html>
