1909 2998
255 517 307 554 94

254 1213 306 1250 95

255 1734 306 1772 96

254 2256 305 2293 97

590 207 838 254 PLINY:
900 207 1231 254 NATURAL
1275 207 1572 255 HISTORY

338 337 401 382 ob
443 339 764 398 iniquitatem
805 338 1216 398 praepotentium
1259 352 1323 380 an
1366 335 1515 391 forte,
1559 352 1658 382 non
1701 339 1822 383 satis

337 429 562 468 constat:
610 428 803 467 austros
830 421 898 466 ibi
926 428 1032 467 tam
1061 421 1284 468 ardentis
1311 421 1431 468 flare
1460 429 1517 468 ut
1544 423 1821 469 aestatibus

338 509 483 555 silvas
515 508 796 554 accendant
826 511 1105 554 invenimus
1138 508 1273 572 apud
1305 516 1549 555 auctores.
1617 526 1822 555 coronas

339 613 402 642 ex
431 599 662 641 cinnamo
692 594 959 641 interrasili
990 612 1110 640 auro
1139 595 1352 641 inclusas
1381 598 1571 658 primus
1601 599 1822 642 omnium

338 685 388 728 in
427 682 630 746 templis
672 681 906 746 Capitolii
947 688 1101 744 atque
1144 680 1285 728 Pacis
1325 682 1511 728 dicavit
1550 685 1824 746 imperator

338 770 672 832 Vespasianus
692 769 968 832 Augustus.
1037 769 1258 815 radicem
1277 771 1382 815 eius
1401 772 1572 832 magni
1588 769 1822 833 ponderis

339 856 549 903 vidimus
575 859 625 901 in
651 855 833 902 Palatii
858 855 1050 919 templo
1075 855 1211 918 quod
1234 855 1429 902 fecerat
1453 856 1567 902 divo
1591 856 1823 920 Augusto

336 946 517 990 coniux
553 944 803 1006 Augusta,
839 959 1023 989 aureae
1057 950 1268 1006 paterae
1303 946 1591 1006 inpositam,
1627 960 1690 990 ex
1725 960 1824 1007 qua

337 1037 516 1093 guttae
556 1030 724 1076 editae
765 1033 905 1076 annis
944 1031 1173 1076 omnibus
1211 1033 1262 1075 in
1299 1047 1458 1093 grana
1495 1029 1823 1087 durabantur,

337 1118 497 1163 donec
522 1117 573 1163 id
599 1117 864 1163 delubrum
890 1117 1124 1163 incendio
1150 1124 1504 1181 consumptum
1530 1124 1623 1164 est.

401 1204 594 1250 XLIII.
635 1203 823 1250 Frutex
879 1211 932 1250 et
984 1207 1118 1249 casia
1171 1211 1267 1259 est,
1314 1207 1559 1266 iuxtaque
1608 1207 1823 1251 cinnami

335 1308 536 1355 campos
562 1294 782 1337 nascitur
806 1290 896 1337 sed
920 1293 971 1336 in
995 1291 1268 1346 montibus,
1288 1293 1525 1337 crassiore
1551 1299 1823 1349 sarmento,

336 1381 477 1425 tenui
514 1385 631 1425 cute
656 1381 819 1424 verius
857 1394 1007 1440 quam
1043 1380 1249 1434 cortice,
1275 1393 1427 1440 quem
1455 1385 1632 1425 contra
1668 1385 1822 1442 atque

338 1468 388 1511 in
406 1468 636 1511 cinnamo
661 1465 878 1511 diximus
903 1465 1073 1511 labare
1090 1464 1108 1494 1
1135 1472 1188 1511 et
1213 1467 1459 1511 exinaniri
1481 1468 1705 1529 pretium
1729 1474 1820 1513 est.

338 1552 617 1616 amplitudo
636 1551 804 1598 frutici
823 1555 975 1598 trium
994 1552 1294 1608 cubitorum,
1311 1551 1443 1598 colos
1461 1552 1674 1615 triplex:
1709 1569 1822 1599 cum

335 1643 552 1703 primum
580 1642 782 1695 emicat,
809 1639 1051 1686 candidus
1075 1638 1245 1702 pedali
1270 1656 1522 1695 mensura,
1548 1639 1667 1685 dein
1692 1639 1824 1686 rufe-

337 1730 431 1773 scit
479 1726 653 1773 addito
702 1726 979 1790 semipede,
1028 1726 1159 1773 ultra
1206 1729 1470 1789 nigricans.
1538 1725 1664 1773 haec
1708 1744 1822 1790 pars

337 1817 555 1860 maxime
583 1813 819 1859 laudatur
846 1830 903 1860 ac
929 1813 1115 1860 deinde
1140 1816 1387 1877 proxima,
1413 1813 1682 1860 damnatur
1705 1830 1823 1860 vero

336 1900 564 1947 candida.
633 1907 905 1947 consecant
927 1900 1146 1947 surculos
1167 1900 1482 1963 longitudine
1504 1901 1678 1946 binum
1698 1901 1823 1964 digi-

337 1996 521 2044 torum,
577 2005 693 2034 mox
750 1995 1027 2051 praesuunt
1081 1988 1370 2034 recentibus
1425 1990 1569 2034 coriis
1626 1988 1822 2050 quadri-

336 2075 524 2138 pedum
581 2075 645 2120 ob
701 2074 752 2120 id
808 2077 1245 2138 interemptarum,
1302 2081 1360 2120 ut
1413 2076 1821 2138 putrescentibus

337 2161 591 2208 vermiculi
610 2161 802 2224 lignum
823 2161 1034 2207 erodant
1054 2168 1107 2207 et
1129 2168 1376 2208 excavent
1394 2163 1634 2207 corticem
1653 2169 1821 2208 tutum

339 2248 688 2294 amaritudine.
756 2249 998 2312 probatur
1029 2264 1205 2294 recens
1238 2250 1476 2304 maxime,
1509 2254 1562 2294 et
1595 2264 1724 2311 quae
1756 2252 1821 2296 sit

870 2359 883 2382 ยน
913 2358 1043 2397 livere
1063 2357 1283 2410 Detlefsen.

878 2531 896 2550 โฐ
923 2526 1003 2565 Le.
1023 2526 1097 2565 the
1118 2526 1274 2566 writer.

335 2604 394 2649 68
