1925 2998
593 195 838 242 PLINY:
902 194 1231 241 NATURAL
1277 194 1573 241 HISTORY

345 319 560 365 oleaster
598 328 649 365 et
687 320 795 365 olea
834 328 986 382 atque
1023 328 1277 375 castanea,
1313 324 1560 383 carpinus,
1594 320 1821 384 populus.

345 405 468 451 haec
501 414 553 452 ct
584 410 743 470 crispa
775 410 929 452 aceris
961 407 1214 452 modo—si
1248 407 1345 452 ulla
1377 410 1612 453 materies
1644 407 1824 453 idonea

345 500 477 539 esset
513 496 660 538 ramis
696 510 846 556 saepe
882 494 1167 556 deputatis:
1220 497 1456 540 castratio
1491 493 1574 539 illa
1610 501 1686 539 est
1723 493 1824 539 adi-

241 584 319 624 207
344 582 536 642 mitque
559 583 701 626 vires.
770 580 833 626 de
856 587 1027 626 cetero
1046 580 1299 643 plerisque
1321 579 1515 636 horum,
1537 580 1627 626 sed
1649 583 1823 643 utique

343 667 523 722 robori,
543 673 687 712 tanta
708 666 891 712 duritia
912 674 968 712 ut
987 667 1232 712 terebrari
1251 669 1342 712 nisi
1363 665 1705 713 madefactum
1725 683 1824 712 non

343 760 498 815 queat
544 761 596 799 et
641 770 703 799 ne
749 756 817 799 sic
863 753 1065 816 quidem
1111 753 1317 799 adactus
1363 753 1506 799 avelli
1548 752 1728 800 clavus.
1796 770 1823 799 e

342 840 536 886 diverso
570 840 764 886 clavum
799 857 897 885 non
930 847 1076 886 tenet
1109 840 1302 886 cedrus.
1371 840 1657 886 mollissima
1689 840 1824 895 tilia;

344 927 522 973 eadem
545 928 744 973 videtur
768 935 819 973 et
842 927 1139 973 calidissima
1158 944 1169 974 ε
1211 934 1566 990 argumentum
1589 926 1824 973 adferunt

344 1014 477 1077 quod
517 1017 752 1060 citissime
795 1017 949 1060 ascias
990 1014 1245 1061 retundat.
1313 1014 1505 1060 calidae
1548 1021 1600 1060 et
1640 1031 1823 1070 morus,

343 1101 526 1157 laurus,
549 1101 768 1147 hederae
796 1109 848 1147 et
873 1104 1038 1147 omnia
1063 1118 1089 1147 e
1116 1102 1294 1164 quibus
1318 1104 1528 1164 igniaria
1553 1100 1693 1148 fiunt.

237 1193 317 1234 208
406 1188 662 1234 LXXVII.
703 1188 1089 1252 Exploratorum
1118 1187 1211 1234 hoc
1243 1204 1359 1234 usus
1384 1191 1435 1233 in
1459 1191 1632 1234 castris
1654 1195 1824 1251 pasto-

342 1292 552 1338 rumque
572 1278 812 1338 repperit,
830 1278 1063 1338 quoniam
1086 1275 1148 1321 ad
1169 1275 1520 1322 excudendum
1535 1278 1704 1338 ignem
1724 1292 1823 1321 non

344 1379 541 1427 semper
564 1362 741 1426 lapidis
767 1366 957 1408 occasio
983 1370 1088 1417 est;
1125 1365 1306 1408 teritur
1331 1379 1450 1425 ergo
1473 1362 1664 1425 lignum
1687 1362 1823 1425 ligno

341 1453 611 1513 ignemque
627 1452 844 1512 concipit
861 1449 1068 1504 adtritu,
1085 1452 1370 1512 excipiente
1386 1453 1597 1495 materie
1614 1449 1737 1495 aridi
1753 1448 1823 1495 fo-

341 1540 492 1592 mitis,
508 1536 649 1599 fungi
668 1536 746 1581 vel
765 1535 994 1581 foliorum
1014 1535 1247 1581 facillimo
1266 1542 1528 1598 conceptu.
1589 1535 1679 1581 sed
1703 1534 1822 1581 nihil

340 1622 528 1669 hedera
556 1626 896 1687 praestantius
929 1639 1057 1685 quae
1089 1629 1300 1677 teratur,
1330 1621 1468 1667 lauro
1500 1638 1628 1684 quae
1659 1629 1822 1676 terat3

338 1712 580 1774 probatur
611 1718 664 1756 et
694 1713 806 1756 vitis
838 1727 900 1755 ex
932 1709 1238 1755 silvestribus
1269 1709 1366 1754 alia
1397 1726 1547 1772 quam
1577 1708 1821 1764 labrusca,

236 1804 315 1844 209
340 1805 392 1844 et
428 1800 536 1861 ipsa
573 1796 791 1843 hederae
829 1797 979 1843 modo
1016 1797 1245 1842 arborem
1282 1796 1541 1842 scandens.
1610 1795 1822 1859 frigidis-

340 1889 465 1931 sima
483 1901 829 1948 quaecumque
851 1886 1112 1946 aquatica3
1147 1883 1426 1929 lentissima
1445 1890 1617 1929 autem
1636 1890 1689 1929 et
1706 1883 1821 1929 ideo

340 1975 492 2019 scutis
520 1971 760 2017 faciendis
789 1974 1047 2034 aptissima
1075 1988 1286 2034 quorum
1311 1970 1462 2034 plaga
1489 1969 1739 2016 contrahit
1767 1987 1820 2016 se

337 2062 566 2123 protinus
589 2058 846 2121 cluditque
871 2075 1016 2104 suum
1039 2057 1215 2104 vulnus
1241 2065 1293 2103 et
1318 2058 1380 2103 ob
1403 2056 1455 2103 id
1477 2060 1818 2103 contumacius

340 2149 579 2193 tramittit
616 2145 819 2201 ferrum,
855 2148 907 2191 in
944 2162 1042 2208 quo
1079 2152 1195 2191 sunt
1231 2161 1418 2208 genere
1455 2144 1606 2200 vitis,1
1644 2145 1820 2200 vitex?

649 2254 663 2277 ¹
696 2252 892 2302 Mayhoff
907 2265 925 2290 e
948 2251 1151 2301 Theophr.
1172 2266 1181 2290 z
1212 2251 1294 2291 fici.

646 2306 661 2329 2
693 2305 889 2356 Mayhoff
903 2319 923 2344 e
952 2306 1107 2345 Vitruv.
1129 2320 1137 2344 :
1170 2309 1219 2343 ut
1239 2318 1290 2343 ex
1311 2310 1383 2344 aut
1402 2305 1499 2344 ilex.

394 2460 412 2478 ‘⁸
440 2454 649 2504 aniaria,
690 2458 844 2503 πυρεῖα,
885 2453 1126 2499 fite-sticks,
1168 2467 1274 2492 were
1314 2458 1399 2492 two
1439 2453 1576 2504 pieees
1615 2452 1665 2492 of
1709 2452 1817 2492 hard

336 2508 459 2547 wood
480 2507 642 2559 ignited
658 2507 682 2549 b
690 2521 713 2561 y
728 2508 911 2559 rubbing
932 2506 1052 2547 them
1073 2506 1284 2558 together.

337 2595 424 2643 522
