1909 2998
579 188 822 234 PLINY:
887 187 1216 234 NATURAL
1262 187 1558 234 HISTORY

328 318 502 362 vitium
522 322 613 361 est.
657 330 896 377 magnum
914 313 988 360 his
1009 314 1235 360 omnibus
1251 316 1302 359 in
1318 313 1470 360 odore
1489 320 1803 360 momentum

328 420 381 458 et
405 428 588 475 magna
611 414 861 474 cognatio,
886 413 970 473 qui
996 417 1049 456 et
1073 413 1179 473 ipse
1209 409 1370 455 nullus
1406 417 1483 456 est
1520 412 1660 472 aquis
1699 417 1804 465 aut,

328 512 366 555 si
402 511 617 554 sentitur
641 510 859 562 omnino,
884 509 1060 553 vitium
1087 513 1179 552 est.
1249 509 1428 552 mirum
1464 509 1561 552 tria
1596 513 1807 553 naturae

326 607 595 669 praecipua
639 604 892 650 elementa
938 606 1044 649 sine
1089 619 1265 666 sapore
1313 619 1436 659 esse,
1485 605 1590 649 sine
1639 602 1808 659 odore,

328 706 432 749 sine
457 719 591 757 suco,
615 718 767 764 aquas
792 718 908 747 aera
931 703 1086 763 ignes.

231 808 305 846 109
401 799 644 845 XXXIII.
681 799 814 861 Ergo
845 815 1073 844 sucorum
1102 800 1257 844 vinosi
1286 800 1411 861 piro,
1441 815 1595 854 moro,
1627 804 1809 861 myrto,

329 900 651 960 minimeque,
698 895 831 959 quod
877 898 1130 951 miremur,
1177 898 1310 950 uvis3
1372 899 1585 959 pingues
1631 895 1808 951 olivae,

328 995 482 1050 lauro,
527 997 640 1040 nuci
683 993 922 1056 iuglandi,
967 992 1262 1055 amygdalis,
1306 992 1476 1039 dulces
1521 995 1644 1048 uvis,
1689 992 1809 1048 ficis,

327 1092 521 1156 palmis,
543 1094 714 1154 aquosi
734 1093 920 1154 prunis.
990 1107 1174 1153 magna
1194 1089 1480 1136 differentia
1501 1097 1554 1136 et
1574 1093 1625 1135 in
1645 1089 1808 1136 colore

331 1192 460 1236 suci:
511 1192 813 1252 sanguineus
852 1190 1017 1243 moris,
1050 1190 1248 1242 cerasis,
1285 1190 1463 1242 cornis,
1497 1190 1602 1233 uvis
1642 1189 1809 1250 nigris,

329 1287 464 1334 idem
487 1287 608 1332 albis
631 1285 889 1340 candidus,
912 1285 1103 1330 lacteus
1126 1287 1177 1329 in
1200 1286 1366 1347 capite
1391 1284 1510 1340 ficis,
1532 1287 1583 1330 in
1604 1300 1808 1347 corpore

330 1401 429 1429 non
456 1386 596 1438 item,
626 1399 861 1446 spumeus
891 1381 1050 1436 malis,
1080 1380 1241 1426 nullus
1273 1379 1497 1436 Persicis,
1526 1397 1639 1427 cum
1665 1397 1810 1444 prae-

329 1484 500 1527 sertim
533 1480 769 1525 duracina
800 1495 916 1525 suco
948 1477 1226 1533 abundent,
1258 1477 1347 1524 sed
1378 1480 1486 1540 quis
1518 1480 1623 1524 eius
1655 1477 1808 1523 ullum

329 1578 514 1624 dixerit
535 1576 784 1623 colorem?

228 1682 305 1720 110
392 1673 489 1720 Sua
525 1681 576 1719 et
610 1677 659 1718 in
693 1673 844 1719 odore
879 1672 1130 1718 miracula.
1199 1671 1340 1718 malis
1375 1678 1568 1728 acutus,
1602 1669 1809 1718 Persicis

329 1771 532 1826 dilutus,
576 1770 799 1815 dulcibus
843 1769 1031 1823 nullus3
1091 1785 1207 1814 nam
1250 1775 1303 1814 et
1344 1771 1513 1814 vinum
1555 1767 1657 1814 tale
1699 1771 1805 1814 sine

330 1867 498 1922 odore,
536 1874 690 1913 tenue
730 1865 1000 1920 odoratius,
1039 1865 1298 1927 multoque
1337 1864 1546 1911 celerius
1584 1864 1706 1911 talia
1745 1864 1807 1910 ad

331 1981 474 2010 usum
524 1966 731 2009 veniunt
783 1979 932 2025 quam
981 1964 1202 2025 pinguia.
1272 1978 1400 2024 quae
1451 1961 1660 2008 odorata
1709 1978 1807 2007 non

330 2061 509 2107 eadem
529 2060 547 2089 1
574 2067 725 2123 gustu
753 2066 946 2114 tenera,
976 2062 1091 2121 quia
1120 2075 1218 2104 non
1246 2065 1362 2104 sunt
1388 2061 1578 2122 pariter
1604 2058 1726 2104 odor
1753 2065 1806 2104 et

330 2172 503 2221 sapor3
570 2156 895 2219 quamobrem
944 2158 1110 2201 citreis
1160 2155 1281 2201 odor
1331 2157 1615 2210 acerrimus,
1664 2171 1803 2219 sap01

331 2256 645 2317 asperrimus,
699 2252 1066 2316 quadamtenus
1119 2259 1173 2298 et
1223 2254 1475 2306 cotoneis3
1546 2250 1806 2315 nullusque

332 2350 451 2397 odor
474 2350 590 2396 ficis.

474 2499 487 2522 ยน
517 2498 667 2536 eadem
688 2498 731 2536 in
752 2496 864 2536 codd.
885 2512 894 2536 t
925 2511 982 2536 an
1001 2496 1150 2536 eadem
1173 2496 1416 2536 delendum?
1449 2495 1654 2547 Mayhoff.

337 2575 421 2632 362
