1909 2998
249 320 300 358 33

249 539 302 577 34

250 1268 303 1307 35

251 2001 303 2039 36

584 185 740 231 PLIN
748 185 792 230 Y
816 201 829 232 ι
892 185 937 231 N
940 185 1029 231 AT
1034 184 1221 231 URAL
1265 184 1562 232 HISTORY

394 312 588 358 XVIII.
629 312 952 358 Contermina
979 311 1114 357 Indis
1139 327 1264 374 gens
1289 311 1479 357 Ariana
1510 310 1808 376 appellatur,

333 389 411 432 cui
457 389 598 449 spina
643 385 847 431 lacrima
897 387 1118 448 pretiosa
1170 400 1367 430 murrae
1414 383 1579 441 simili,
1625 384 1809 431 difficili

334 474 534 504 accessu
584 465 791 522 propter
842 457 1039 503 aculeos
1092 456 1328 503 adnexos
1412 457 1480 503 ibi
1534 463 1588 504 et
1639 456 1808 504 frutex

333 532 575 596 pestilens
611 567 621 578 .
661 567 670 577 .
710 531 743 577 .¹
801 529 1008 594 raphani
1072 529 1188 576 folio
1250 529 1393 585 lauri,
1444 529 1596 577 odore
1655 547 1809 594 equos

334 608 566 660 invitans,
607 607 691 666 qui
736 620 899 667 paene
947 605 1178 666 equitatu
1225 603 1420 649 orbavit
1466 602 1810 650 Alexandrum

333 680 494 741 primo
537 679 760 723 introitu.
830 676 963 739 quod
1002 683 1055 722 et
1093 678 1144 721 in
1188 675 1424 722 Gedrosis
1464 675 1649 722 accidit
1686 679 1811 723 item

334 750 503 796 laureo
543 749 687 804 folio;
743 757 796 796 et
839 750 905 795 ibi
949 751 1091 813 spina
1133 748 1323 795 tradita
1363 755 1441 795 est
1478 750 1616 795 cuius
1650 748 1812 811 liquor

335 823 596 886 adspersus
621 822 773 869 oculis
798 825 1100 869 caecitatem
1132 820 1342 868 inferret
1370 821 1599 868 omnibus
1624 824 1811 868 anima-

335 896 477 942 libus.
545 912 638 942 nec
679 912 780 941 non
820 902 873 942 et
914 894 1070 942 herba
1109 897 1366 958 praecipui
1412 894 1576 941 odoris
1621 893 1813 941 referta.

335 971 539 1015 minutis
591 969 908 1032 serpentibus
968 984 1178 1031 quarum
1228 970 1334 1014 ictu
1384 970 1612 1031 protinus
1664 971 1812 1014 mori-

335 1042 521 1089 endum
582 1048 731 1088 esset.
817 1041 1127 1088 Onesicritus
1191 1040 1348 1087 tradit
1410 1043 1461 1086 in
1526 1040 1812 1104 Hyrcaniae

334 1115 637 1161 convallibus
669 1114 761 1160 fico
801 1114 985 1160 similes
1022 1131 1132 1160 esse
1166 1114 1367 1160 arbores
1408 1130 1537 1176 quae
1571 1121 1813 1160 vocentur

335 1188 491 1244 occhi‚
515 1206 576 1235 ex
601 1189 779 1250 quibus
803 1186 994 1234 defluat
1016 1186 1117 1233 mel
1138 1185 1270 1233 horis
1293 1189 1554 1233 matutinis
1579 1186 1788 1233 duabus.

397 1262 537 1308 XIX.
573 1261 749 1307 Vicina
773 1267 851 1307 est
875 1260 1160 1317 Bactriana,
1175 1262 1227 1306 in
1251 1276 1350 1322 qua
1372 1258 1616 1306 bdellium
1643 1259 1813 1306 lauda-

334 1338 595 1381 tissimum.
664 1335 809 1380 arbor
841 1341 918 1380 est
949 1336 1091 1396 nigra
1121 1331 1472 1396 magnitudine
1504 1332 1664 1389 oleae,
1696 1332 1814 1380 folio

335 1409 539 1464 roboris,
574 1407 739 1454 fructu
772 1406 1016 1471 caprifici:
1068 1409 1162 1470 ipsi
1199 1412 1391 1465 ‘natura
1437 1422 1567 1468 quae
1612 1410 1811 1465 cummi,

336 1482 417 1527 alii
443 1480 661 1527 brochon
689 1480 963 1544 appellant,
991 1479 1074 1525 alii
1099 1478 1397 1535 malacham‚
1424 1478 1507 1524 alii
1533 1478 1814 1536 maldacon,

336 1558 532 1617 nigrum
552 1571 669 1600 vero
692 1561 744 1600 et
763 1557 814 1599 in
834 1552 953 1599 offas
972 1552 1293 1599 convolutum
1312 1551 1634 1599 hadrobolon.
1704 1570 1813 1600 esse

336 1635 507 1674 autem
543 1627 699 1674 debet
734 1625 1010 1673 tralucidae
1047 1625 1207 1672 simile
1243 1641 1406 1681 cerae,
1443 1625 1707 1672 odoratum
1743 1634 1813 1682 et,

335 1718 449 1747 cum
470 1700 663 1756 frietur,
684 1703 891 1764 pingue,
913 1706 1065 1762 gustu
1088 1715 1313 1744 amarum
1334 1701 1461 1744 citra
1483 1715 1695 1745 acorem.
1764 1702 1814 1745 in

335 1777 484 1820 sacris
543 1777 656 1819 vino
715 1772 973 1836 perfusum
1034 1771 1302 1818 odoratius.
1371 1774 1591 1817 nascitur
1651 1779 1704 1818 et
1762 1775 1813 1818 in

335 1848 522 1894 Arabia
582 1847 825 1909 Indiaque
872 1852 926 1892 et
975 1844 1150 1891 Media
1207 1861 1264 1890 ac
1322 1843 1594 1908 Babylone.
1663 1844 1811 1908 aliqui

334 1924 611 1983 peraticum
637 1926 817 1965 vocant
842 1936 905 1965 ex
934 1917 1112 1964 Media
1138 1917 1433 1971 advectum3
1476 1916 1697 1981 fragilius
1722 1917 1814 1966 hoc

336 2001 388 2040 et
432 1996 702 2040 crustosius
749 1995 1085 2055 amariusque,
1131 1998 1185 2037 at
1231 1990 1456 2036 Indicum
1503 1989 1716 2036 umidius
1760 1999 1814 2039 et

399 2109 413 2132 1
443 2108 657 2147 Lacunam
694 2107 804 2146 Ian:
853 2104 1223 2158 <magnitudinem
1272 2117 1359 2144 non
1407 2102 1674 2157 excedens>2
1721 2105 1810 2145 coll.

345 2162 363 2210 ἓ
383 2163 433 2200 23
455 2162 506 2200 M
509 2160 661 2211 ayhoff.

385 2344 402 2361 ‘²
432 2338 621 2388 Perhaps
648 2337 721 2376 the
748 2340 844 2376 text
871 2337 905 2375 is
933 2339 982 2376 to
1010 2336 1061 2375 be
1088 2335 1314 2375 emended:
1362 2335 1371 2350 ‘
1388 2349 1414 2375 a
1440 2336 1669 2387 poisonous
1694 2335 1817 2387 plant

333 2395 409 2430 not
432 2392 565 2442 larger
585 2391 692 2429 than
713 2404 738 2429 a
760 2390 931 2429 radish.’

391 2445 405 2468 ὓ
435 2446 472 2485 Α
504 2446 693 2483 resinous
724 2457 824 2494 gum
858 2443 1061 2482 obtained
1094 2443 1202 2481 from
1234 2442 1614 2482 Balsamodendron
1646 2441 1815 2488 Mukul,

332 2511 357 2536 a
372 2498 476 2537 kind
492 2498 540 2537 of
550 2498 720 2549 myrrh3
753 2497 817 2536 for
829 2497 1011 2536 another
1026 2497 1132 2536 view
1146 2496 1199 2535 cf.
1219 2496 1311 2536 Vol.
1328 2496 1425 2543 VII,
1440 2495 1576 2535 Index
1593 2495 1641 2535 of
1651 2495 1814 2535 Planta.

334 2589 391 2629 24
