1909 2998
244 319 292 357 19

240 782 293 822 20

242 1317 289 1354 21

243 1649 294 1686 22

580 184 788 232 PLINY
806 202 816 232 ε
882 185 1213 232 NATURAL
1260 184 1557 232 HISTORY

325 314 456 358 anni.
526 312 646 374 quid
696 312 831 375 quod
880 315 1068 359 inserta
1118 316 1292 359 castris
1345 329 1591 359 summam
1641 329 1807 359 rerum

325 382 690 441 imperiumque
715 382 943 425 continet
967 382 1318 425 centurionum
1344 383 1395 425 in
1421 396 1572 425 manu
1598 381 1729 434 vitis,
1755 386 1808 425 et

324 448 490 508 opimo
527 449 752 509 praemio
789 446 959 491 tardos
998 446 1197 492 ordines
1237 446 1300 492 ad
1338 446 1541 491 lentasl
1577 446 1809 508 perducit

325 511 533 573 aquilas,
557 519 710 574 atque
741 515 895 558 etiam
925 515 975 557 in
1004 512 1199 558 delictis
1222 528 1438 575 poenam
1474 515 1634 575 ipsam
1657 511 1808 558 hono-

325 579 437 623 rat?
500 595 592 624 nec
648 595 747 624 non
790 581 966 625 vineae
1023 581 1457 642 oppugnationum
1500 578 1689 625 dedere
1733 595 1809 624 ra-

324 647 530 690 tionem.
599 661 716 690 nam
781 648 832 690 in
898 645 1311 691 medicaminibus
1377 645 1505 691 adeo
1570 661 1807 707 magnum

325 714 558 774 optinent
581 711 744 757 locum
767 719 825 757 ut
847 728 938 774 per
959 728 1070 758 sese
1093 715 1207 757 vino
1228 715 1337 775 ipso
1359 711 1585 757 remedia
1607 714 1722 758 sint.

391 776 477 823 IV.
516 779 716 824 Genera
735 781 912 824 vitium
931 794 1139 824 numero
1157 777 1498 841 conprehendi
1517 794 1663 841 posse
1683 795 1809 824 unus

326 847 632 891 existimavit
659 845 997 900 Democritus,
1015 852 1197 891 cuncta
1221 846 1313 890 sibi
1340 845 1583 891 Graeciae
1607 848 1809 907 cognita

325 910 603 974 professus:
647 915 806 958 ceteri
829 914 1092 958 innumera
1116 919 1269 974 atque
1294 911 1490 957 infinita
1514 928 1621 957 esse
1644 911 1810 975 prodi-

325 977 527 1033 derunt,
560 978 693 1040 quod
726 981 888 1024 verius
921 978 1186 1042 apparebit
1218 995 1279 1024 ex
1312 981 1452 1024 vinis.
1521 994 1614 1024 nec
1644 981 1810 1023 omnia

325 1043 574 1100 dicentur,
596 1045 686 1091 sed
708 1047 926 1091 maxime
948 1048 1179 1108 insignia,
1202 1048 1387 1108 quippe
1410 1044 1626 1091 totidem
1646 1061 1808 1108 paene

326 1118 443 1156 sunt
473 1118 596 1173 quot
626 1115 750 1174 agri,
780 1112 1107 1173 quamobrem
1135 1111 1487 1158 celeberrimas
1515 1114 1693 1157 vitium
1722 1118 1809 1157 aut

326 1178 505 1239 quibus
541 1185 620 1224 est
654 1178 821 1241 aliqua
854 1181 1167 1242 proprietate
1202 1177 1496 1224 miraculum
1531 1177 1808 1224 ostendisse

326 1247 448 1289 satis
474 1248 585 1290 erit.

391 1309 703 1374 Principatus
754 1311 904 1357 datur
953 1311 1211 1357 Aminaeis
1263 1310 1554 1356 firmitatem
1603 1317 1810 1374 propter

326 1380 565 1440 senioque
591 1377 938 1441 proficientem
965 1380 1065 1423 vini
1092 1381 1197 1423 eius
1225 1380 1400 1439 utique
1428 1380 1599 1423 vitam.
1669 1380 1810 1439 quin-

327 1460 424 1506 que
451 1461 622 1490 earum
652 1460 867 1507 genera3
905 1461 968 1490 ex
993 1443 1067 1489 his
1098 1461 1337 1507 germana
1362 1444 1556 1489 minor2
1581 1445 1773 1490 minore
1790 1443 1809 1471 ³

327 1514 469 1557 acino
494 1511 670 1557 melius
695 1511 997 1565 deflorescit,
1017 1512 1201 1557 imbres
1223 1517 1659 1574 tempestatesque
1685 1510 1810 1556 tole-

327 1585 422 1632 rat,
456 1595 554 1623 non
591 1581 716 1624 item
759 1581 932 1633 maior,
965 1578 1054 1623 sed
1096 1580 1147 1623 in
1189 1578 1364 1623 arbore
1408 1593 1559 1639 quam
1600 1580 1651 1622 in
1692 1580 1809 1639 iugo

329 1646 490 1689 minus
511 1645 741 1690 obnoxia.
789 1644 1135 1707 gemellarum,
1153 1645 1331 1706 quibus
1356 1643 1449 1689 hoc
1474 1659 1657 1689 nomen
1683 1660 1808 1689 uvae

326 1727 525 1774 semper
555 1715 788 1774 geminae
819 1711 1025 1766 dedere,
1056 1714 1356 1774 asperrimus
1387 1727 1533 1773 sapor
1563 1710 1652 1756 sed
1683 1713 1808 1756 vires

598 1818 613 1841 1
644 1818 778 1856 laetas
800 1817 863 1855 vel
881 1817 1017 1856 elatas
1038 1817 1126 1856 edd.

600 1872 616 1895 2
646 1871 779 1910 Edd.:
811 1871 987 1910 minore.

598 1924 614 1947 ³
644 1925 806 1963 minore
826 1925 922 1963 add.
946 1922 1025 1972 (vel
1046 1924 1169 1962 acino
1191 1926 1290 1972 om.)
1313 1923 1545 1962 Rackham.

381 2096 398 2113 ⁰
426 2088 515 2126 The
537 2089 795 2127 centurion's
816 2088 891 2126 rod
913 2088 961 2126 of
977 2088 1096 2126 office.
1117 2101 1202 2125 was
1223 2101 1248 2125 a
1269 2088 1366 2125 vine
1387 2087 1566 2138 sapling.

378 2141 392 2166 ⁶
419 2141 495 2180 Le.
516 2146 563 2180 to
584 2142 842 2192 promotion‚
865 2141 1030 2192 though
1053 2140 1153 2179 slow
1176 2142 1218 2179 in
1240 2142 1421 2191 coming.

380 2202 394 2219 ⁶
423 2194 535 2245 Only
559 2195 734 2233 soldiers
757 2194 852 2233 who
876 2207 983 2233 were
1007 2194 1178 2233 Roman
1199 2195 1372 2233 citizens
1391 2206 1499 2232 were
1524 2193 1678 2232 beaten
1703 2193 1807 2232 with

329 2262 353 2286 a
375 2249 472 2287 vine
492 2248 670 2298 sapling.

382 2302 399 2324 ‘¹
427 2301 515 2340 The
543 2302 659 2340 vinea
685 2315 772 2340 was
797 2314 822 2340 a
849 2301 1044 2351 portable
1069 2300 1307 2351 penthouse
1332 2300 1468 2339 under
1493 2299 1630 2338 which
1657 2304 1807 2350 troops

327 2355 548 2394 advanced
582 2359 630 2393 to
662 2354 734 2405 lay
759 2355 869 2405 siege
892 2360 940 2393 to
963 2368 988 2393 a
1012 2359 1150 2399 town3
1191 2353 1266 2392 the
1290 2353 1385 2392 idea
1409 2353 1457 2392 of
1487 2354 1520 2392 it
1557 2366 1641 2391 was
1675 2353 1806 2392 taken

328 2409 437 2446 from
459 2407 646 2447 trellised
670 2409 802 2447 vines.

381 2469 394 2484 ²
422 2462 513 2501 Viz.
558 2474 762 2512 germana
806 2462 958 2508 minor,
998 2473 1201 2512 germana
1246 2461 1394 2508 maior,
1433 2460 1614 2512 gemella
1651 2460 1804 2507 minor,

329 2515 508 2566 gemella
527 2515 676 2562 maior,
698 2515 858 2555 lanata.

338 2592 422 2649 198
