1909 2998
267 502 318 539 74

267 1303 318 1341 75

266 1863 316 1900 76

606 207 848 253 l’LINY:
913 206 1242 252 NATURAL
1287 206 1583 254 HISTORY

351 335 627 390 rebinthus,
662 335 891 398 populus,
928 351 1092 390 ornus,
1127 337 1385 396 carpinus3
1429 342 1506 381 est
1541 338 1592 380 in
1627 336 1827 399 Appen-

351 419 467 461 nino
506 422 559 462 et
597 414 763 461 frutex
817 417 900 477 qui
950 421 1155 460 vocatur
1195 417 1406 470 cotinus,
1446 415 1510 461 ad
1556 415 1829 462 linamenta

352 495 499 541 modo
545 494 788 558 conchylii
835 494 998 540 colore
1045 497 1265 557 insignis.
1334 502 1531 541 montes
1579 501 1633 542 et
1678 495 1829 542 valles

351 575 565 638 diligunt
584 575 603 604 1
634 576 788 630 abies,
818 576 984 630 robur,
1014 582 1302 630 castaneae,
1332 574 1458 630 tilia,
1487 574 1605 631 ilex,
1635 591 1826 622 cornus.

347 658 542 718 aquosis
564 656 816 701 montibus
838 654 1064 718 gaudent
1086 671 1216 710 acer,
1233 653 1471 711 fraxinus,
1493 656 1683 712 sorbus,
1704 655 1829 712 tilia,

348 752 560 782 cerasus.
632 752 731 781 non
754 743 948 781 temere
974 738 1024 780 in
1047 736 1302 781 montibus
1326 738 1460 781 visae
1485 743 1602 782 sunt
1623 752 1828 800 prunus,

348 819 578 880 punicae,
608 815 827 871 oleastri,
856 815 1068 878 iuglans,
1098 818 1240 870 mori,
1270 815 1468 870 sabuci3
1515 815 1830 862 descendunt

351 903 403 942 et
445 899 494 941 in
535 895 686 959 plana
726 912 921 951 cornus,
963 895 1176 959 corylus,
1220 911 1448 958 quercus,
1492 912 1656 952 ornus,
1699 913 1830 952 acer,

350 975 587 1032 fraxinus,
624 975 785 1039 fagus,
821 979 1080 1039 carpinus3
1135 975 1353 1022 subeunt
1390 983 1443 1022 et
1478 978 1530 1021 in
1565 983 1831 1022 montuosa

349 1056 527 1112 ulmus,
592 1056 766 1111 malus,
829 1059 982 1119 pirus,
1046 1055 1229 1111 laurus,
1292 1062 1505 1119 myrtus,
1569 1059 1830 1119 sanguinei

351 1136 553 1182 frutices
584 1136 682 1182 ilex
719 1136 1110 1199 tinguendisque
1148 1136 1369 1181 vestibus
1405 1139 1658 1182 nascentis
1693 1139 1832 1199 geni-

350 1223 474 1263 stae.
542 1216 733 1279 gaudet
750 1215 943 1279 frigidis
960 1216 1150 1271 sorbus,
1168 1215 1258 1262 sed
1274 1219 1434 1279 magis
1452 1219 1608 1262 etiam
1623 1216 1829 1263 betulla.

352 1296 542 1342 Gallica
569 1296 693 1342 haec
722 1297 866 1342 arbor
893 1296 1105 1342 mirabili
1133 1296 1350 1342 candore
1379 1302 1532 1359 atque
1560 1299 1831 1353 tenuitate,

350 1377 581 1423 terribilis
607 1380 995 1440 magistratuum
1022 1379 1187 1439 virgis,
1215 1376 1394 1423 eadem
1419 1375 1612 1423 circulis
1638 1375 1831 1432 flexilis,

350 1460 472 1502 item
493 1458 716 1504 corbium
737 1460 916 1511 costis;
954 1458 1185 1503 bitumen
1208 1473 1270 1503 ex
1293 1473 1354 1503 ea
1375 1455 1505 1502 Galli
1527 1464 1829 1520 excoquunt.

350 1540 400 1582 in
426 1537 630 1583 eosdem
655 1541 778 1583 situs
805 1539 1111 1583 comitantur
1136 1544 1189 1583 et
1215 1540 1373 1599 spina,
1399 1539 1689 1599 nuptiarum
1714 1535 1832 1583 faci-

349 1617 441 1662 bus
478 1620 887 1680 auspicatissima,
924 1620 1159 1679 quoniam
1194 1617 1311 1662 inde
1346 1615 1559 1663 fecerint
1604 1624 1830 1680 pastores

351 1700 433 1759 qui
456 1705 730 1761 rapuerunt
753 1696 978 1753 Sabinas,
1001 1704 1059 1743 ut
1082 1703 1255 1743 auctor
1278 1704 1355 1743 est
1380 1696 1660 1752 Masurius3
1700 1714 1830 1743 nunc

350 1777 538 1823 facibus
563 1781 811 1840 carpinus,
836 1777 1030 1841 corylus
1057 1776 1485 1823 familiarissimae.

413 1857 600 1903 XXXI.
639 1859 811 1920 Aquas
828 1857 979 1904 odere
1001 1861 1236 1920 cupressi,
1253 1850 1830 1919 iuglandefficastaneae,

350 1937 627 1984 laburnum.
687 1937 870 2000 Alpina
888 1945 940 1983 et
960 1936 1084 1983 haec
1100 1938 1261 1993 arbor,
1278 1953 1370 1983 nec
1387 1936 1535 2000 vulgo
1555 1944 1692 1992 nota,
1707 1937 1829 1983 dura

349 2033 405 2063 ac
418 2017 631 2063 candida
645 2021 876 2072 materie,
890 2020 1027 2063 cuius
1043 2016 1216 2063 florem
1229 2016 1500 2062 cubitalem
1516 2016 1828 2080 longitudine

349 2113 468 2159 apes
502 2114 600 2142 non
635 2097 921 2160 adtingunt.
990 2097 1097 2142 odit
1132 2104 1185 2142 et
1219 2113 1348 2158 quae
1384 2096 1667 2160 appellatur
1701 2096 1829 2143 Iovis

353 2177 524 2231 barba,
559 2180 607 2222 in
639 2194 790 2240 opere
823 2179 1036 2240 topiario
1075 2175 1266 2222 tonsilis
1299 2183 1352 2222 et
1383 2179 1433 2221 in
1465 2176 1828 2223 rotunditatem

869 2310 882 2332 ¹
914 2310 1152 2349 Rachleam:
1183 2309 1334 2360 diligit.

904 2516 920 2534 ⁰
951 2511 1069 2549 Rlcus
1090 2510 1266 2550 colinus.

352 2590 440 2648 436
