1909 2998
897 643 1100 689 LIBER
1148 641 1269 688 XIV

404 770 443 816 I.
481 770 752 815 Ex'ri-:RNAE
777 771 976 815 arbores
1000 769 1338 831 indocilesque
1365 770 1499 814 nasci
1525 767 1640 814 alibi
1667 784 1816 830 quam

340 860 423 905 ubi
443 877 653 923 coepere
676 867 728 906 et
749 876 877 922 quae
899 863 949 904 in
970 859 1157 905 alienas
1178 875 1277 904 non
1297 865 1582 904 commeent
1603 858 1620 886 1
1641 865 1816 913 terras,

339 949 580 996 hactenus
613 948 720 996 fere
741 950 759 979 2
793 956 938 1003 sunt3
988 948 1209 1011 licetque
1243 951 1344 993 iam
1377 948 1441 994 de
1474 948 1817 994 communibus

339 1039 490 1102 loqui,
513 1056 723 1102 quarum
745 1042 965 1085 omnium
985 1038 1250 1102 peculiaris
1271 1054 1452 1101 parens
1473 1037 1630 1084 videri
1648 1045 1819 1101 potest

341 1130 502 1176 Italia.
567 1137 831 1176 noscentes
850 1136 1052 1175 tantum
1073 1130 1394 1175 meminerint
1421 1134 1626 1174 naturas
1648 1144 1818 1173 earum

340 1237 368 1265 a
410 1221 550 1266 nobis
594 1222 796 1265 interim
838 1219 955 1275 dici,
997 1235 1097 1264 non
1139 1218 1375 1273 culturas,
1419 1234 1724 1280 quamquam
1767 1225 1819 1264 et

288 1309 530 1356 2colendi
575 1312 795 1355 maxima
839 1289 890 1354 in
935 1316 1117 1355 natura
1160 1311 1325 1372 portio
1372 1315 1464 1354 est.
1532 1306 1655 1354 illud
1699 1311 1818 1354 satis

340 1403 506 1445 mirari
552 1416 651 1446 non
698 1415 845 1462 queo,
891 1401 1122 1445 interisse
1171 1397 1483 1461 quarundam
1528 1400 1819 1444 memoriam

341 1497 494 1552 atque
557 1493 711 1536 etiam
772 1492 1029 1535 nominum
1091 1505 1220 1551 quae
1283 1495 1510 1534 auctores
1554 1487 1818 1552 prodidere

341 1584 588 1626 notitiam.
658 1583 767 1643 quis
815 1582 950 1626 enim
996 1596 1096 1624 non
1142 1581 1509 1625 communicato
1555 1578 1674 1624 orbe
1720 1585 1820 1624 ter-

341 1687 506 1716 rarum
549 1673 817 1716 maiestate
861 1669 1073 1716 Romani
1116 1672 1313 1732 imperii
1353 1667 1622 1732 profecisse
1665 1671 1819 1714 vitam

340 1768 489 1824 putet
530 1763 828 1806 commercio
870 1777 1037 1806 rerum
1080 1777 1136 1806 ac
1179 1762 1422 1806 societate
1464 1758 1627 1805 festae
1667 1761 1820 1822 pacis,

342 1854 608 1913 omniaque
646 1854 801 1897 etiam
838 1867 967 1913 quae
1005 1858 1123 1896 ante
1160 1849 1355 1896 occulta
1391 1849 1591 1896 fuerant
1626 1852 1676 1894 in
1709 1865 1820 1912 pro-

292 1945 526 1987 3miscuo
571 1959 663 1987 usu
706 1941 876 1987 facta?
941 1948 1011 1996 at,
1058 1940 1318 1995 Hercules,
1362 1957 1461 1985 non
1504 1942 1820 2003 reperiuntur

343 2034 427 2093 qui
457 2034 624 2077 norint
654 2031 814 2077 multa
845 2031 908 2076 ab
940 2034 1158 2093 antiquis
1188 2029 1416 2093 prodita:
1464 2036 1610 2076 tanto
1639 2032 1822 2093 prisco-

342 2138 451 2167 rum
492 2138 610 2167 cura
650 2120 861 2166 fertilior
903 2128 990 2166 aut
1032 2120 1277 2166 industria
1317 2119 1506 2165 felicior
1548 2118 1660 2175 fuit,
1702 2127 1820 2166 ante

342 2211 478 2256 milia
523 2228 765 2256 annorum
810 2213 943 2256 inter
986 2213 1229 2273 principia
1273 2209 1556 2256 litterarum
1602 2208 1821 2255 Hesiodo

342 2308 614 2364 praecepta
650 2299 874 2364 agricolis
908 2300 1131 2363 pandere
1167 2316 1276 2345 orso
1310 2301 1688 2362 subsecutisque
1722 2315 1821 2345 non

653 2449 668 2472 ¹
699 2451 971 2486 commeent?
1004 2447 1200 2497 Mayhoff
1214 2462 1222 2486 ε
1255 2452 1513 2487 commeant.

650 2501 665 2525 ²
694 2501 780 2540 fere
803 2500 1053 2555 (narratae)
1074 2501 1215 2542 Dalec.

352 2578 436 2622 186
