1909 2998
261 520 315 557 34

256 1908 309 1946 36

603 212 848 256 PLINY:
913 211 1243 257 NATURAL
1287 211 1585 258 HISTORY

348 347 514 402 gatur,
543 356 726 400 magna
753 338 892 394 dote,
919 341 958 384 si
987 355 1159 384 verum
1188 346 1265 384 est
1293 338 1460 401 aliqua
1487 342 1537 385 in
1566 343 1667 386 vite
1694 341 1832 388 caelo

347 443 445 472 non
471 443 578 472 esse
603 428 694 471 ius.

414 514 600 559 Aestus
625 511 725 558 fert
749 514 958 575 spionia,
984 529 1132 574 quam
1159 512 1362 575 quidam
1386 515 1612 576 spineam
1636 522 1833 571 vocant,

347 602 678 661 autumnique
703 599 944 644 imbribus
966 601 1279 661 pinguescit3
1321 601 1440 661 quin
1463 602 1616 646 immo
1638 601 1832 648 nebulis

347 703 445 731 una
472 685 637 740 alitur,
664 685 727 730 ob
754 685 805 730 id
832 685 1114 730 Ravennati
1141 702 1261 747 agro
1285 684 1566 748 peculiaris.
1634 689 1833 734 venicu-

345 773 444 818 lam
475 775 607 818 inter
637 779 845 835 optume
878 771 1270 817 deflorescentes
1303 779 1356 818 et
1386 771 1493 818 ollis
1524 775 1832 836 aptissimam

346 860 588 922 Campani
639 859 834 904 malunt
886 858 1134 904 surculam
1184 875 1380 914 vocare,
1430 859 1513 905 alii
1561 860 1832 924 scapulam,

344 946 610 992 Tarracina
643 946 1007 1000 Numisianam,
1042 945 1201 991 nullas
1233 948 1361 991 vires
1391 949 1615 1010 proprias
1645 946 1833 994 haben-

344 1041 468 1088 tem,
496 1033 585 1079 sed
612 1040 775 1078 totam
802 1032 1013 1096 perinde
1046 1049 1102 1078 ae
1131 1032 1290 1078 solum
1318 1032 1501 1089 valeat,
1529 1032 1832 1081 Surrentinis

344 1128 517 1166 tamen
553 1120 891 1166 efficacissima
925 1122 1072 1165 testis
1108 1119 1323 1165 Vesuvio
1358 1127 1523 1166 tenus.
1592 1121 1660 1166 ibi
1697 1124 1831 1168 enim

348 1208 676 1270 Murgentina
693 1224 719 1253 e
737 1206 904 1252 Sicilia
917 1209 1288 1270 potentissima,
1306 1223 1456 1269 quam
1473 1205 1830 1271 Pompeianam

344 1295 495 1357 aliqui
521 1301 719 1349 vocant,
744 1293 880 1339 laeto
901 1293 918 1322 1
945 1293 1151 1339 demum
1177 1292 1417 1349 feracem,
1443 1297 1572 1340 sicut
1598 1293 1831 1342 horconia

343 1384 394 1426 in
434 1381 708 1445 Campania
746 1387 963 1426 tantum.
1034 1397 1061 1426 e
1103 1380 1298 1426 diverso
1339 1397 1572 1427 arceraea
1611 1381 1830 1445 Vergilio

344 1471 516 1531 argitis
557 1468 693 1514 dicta
733 1467 864 1513 ultro
905 1467 1064 1513 solum
1106 1467 1287 1513 laetius
1329 1466 1469 1522 facit,
1508 1470 1617 1531 ipsa
1655 1476 1830 1515 contra

342 1556 525 1601 imbres
578 1562 630 1601 et
681 1562 938 1601 senectam
990 1553 1277 1610 fortissima,
1328 1557 1442 1600 vino
1494 1554 1698 1617 quidem
1747 1558 1828 1601 vix

342 1659 507 1688 annua
545 1659 601 1687 ac
639 1641 844 1687 vilitatis
882 1642 1100 1687 cibariae
1140 1641 1230 1686 sed
1268 1641 1505 1687 ubertate
1541 1644 1826 1705 praecipua.

341 1728 525 1775 tolerat
542 1736 593 1775 et
610 1745 763 1773 annos
780 1731 1010 1783 mettica,
1027 1734 1203 1773 contra
1219 1744 1366 1773 omne
1383 1727 1518 1773 sidus
1534 1727 1828 1785 firmissima,

341 1818 482 1878 nigro
505 1818 664 1870 acino,
687 1818 811 1860 vinis
834 1817 884 1859 in
908 1821 1166 1860 vetustate
1190 1813 1575 1860 rufescentibus.

403 1902 470 1948 Et
495 1900 737 1948 haetenus
762 1901 965 1964 publica
999 1908 1116 1946 sunt
1141 1917 1346 1963 genera,
1371 1907 1543 1947 cetera
1566 1902 1826 1963 regionum

338 1988 659 2051 locorumque
708 1995 796 2034 aut
844 2005 907 2034 ex
955 1987 1029 2033 his
1078 1991 1210 2033 inter
1256 2004 1309 2033 se
1359 1990 1519 2033 insitis
1566 1990 1741 2044 mixta,
1786 1992 1825 2035 si

339 2075 543 2138 quidem
579 2075 663 2120 in2
694 2074 864 2120 Tuscis
890 2074 1153 2138 peculiaris
1179 2080 1257 2119 est
1291 2072 1638 2130 Tudertibus,3
1671 2080 1824 2137 atque

635 2202 649 2224 1
679 2200 792 2238 laeto
815 2198 988 2252 <solo>?
1021 2200 1233 2239 Rackham
1252 2215 1261 2239 ε
1295 2199 1421 2239 Latio
1442 2199 1532 2239 edd.

634 2255 649 2277 ²
680 2256 721 2292 iu
741 2253 868 2293 mm?
902 2253 1106 2303 Mayhoff.

633 2308 648 2330 ³
678 2307 970 2346 Tudertibus?
1004 2305 1201 2357 AIayhoff
1250 2305 1474 2345 Tudernis.

835 2521 851 2538 ‘³
881 2513 1067 2564 Georqics
1088 2513 1146 2554 II.
1169 2514 1237 2553 99.

342 2593 429 2637 208
