1909 2998
226 1819 278 1858 52

564 169 808 215 PLINY:
873 169 1202 215 NATURAL
1247 169 1544 216 HISTORY

315 296 535 343 cularum
570 297 718 343 modo
754 305 1055 343 nucamenta
1084 301 1386 360 squamatim
1413 304 1677 361 compacta
1705 298 1792 345 de-

316 377 540 440 pendent
569 384 925 440 praeterquam
955 377 1106 423 larici.
1174 376 1299 423 haec
1331 377 1511 424 abietis
1543 377 1792 425 masculae

314 459 515 519 primori
555 464 700 520 parte
743 457 943 502 nucleos
986 455 1193 512 habent,
1236 473 1335 502 non
1377 459 1503 503 item
1545 456 1792 512 feminae3

313 539 486 599 piceae
541 553 657 583 vero
712 539 833 582 totis
887 536 1145 600 paniculis,
1201 537 1472 583 minoribus
1527 537 1793 600 graciliori-

314 616 524 678 busque,
570 619 798 662 minimos
846 633 901 662 ac
948 619 1130 679 nigros,
1175 623 1384 680 propter
1430 616 1564 679 quod
1611 617 1791 664 Graeci

312 695 705 759 phthirophoron
723 695 743 725 1
763 713 874 742 eam
889 696 1159 759 appellant.
1227 699 1278 741 in
1293 696 1474 742 eadem
1487 704 1790 743 nucamenta

314 776 530 822 maribus
555 779 893 839 conpressiora
918 783 1034 822 sunt
1060 792 1117 821 ac
1142 778 1303 822 minus
1329 779 1493 822 resina
1517 776 1723 823 roscida.

375 855 488 901 XX.
527 855 705 902 Similis
740 856 814 902 his
853 859 1140 902 etiamnunc
1181 863 1390 920 aspectu
1431 863 1525 911 est,
1565 873 1628 902 ne
1669 857 1789 919 quid

311 943 675 999 praetereatur,
691 944 838 982 taxus
855 939 1058 982 minime
1074 939 1236 982 virens
1251 935 1548 999 gracilisque
1566 943 1619 982 et
1634 939 1788 983 tristis

312 1033 368 1062 ac
405 1016 528 1072 dira,
564 1017 697 1062 nullo
725 1033 859 1071 suco,
885 1032 947 1062 ex
984 1017 1211 1062 omnibus
1247 1015 1350 1061 sola
1377 1014 1610 1062 bacifera.
1682 1033 1788 1063 mas

313 1099 459 1142 noxio
486 1095 668 1151 fructu,
694 1096 846 1142 letale
876 1099 1060 1159 quippe
1088 1097 1223 1141 bacis
1251 1098 1302 1141 in
1330 1095 1573 1159 Hispania
1598 1100 1789 1159 praeci-

311 1192 409 1238 pue
437 1193 687 1222 venenum
714 1179 873 1222 inest:
919 1192 1035 1222 vasa
1064 1179 1219 1222 etiam
1246 1178 1457 1221 viatoria
1485 1192 1548 1221 ex
1577 1192 1637 1222 ea
1664 1179 1788 1222 vinis

312 1259 361 1301 in
385 1256 546 1301 Gallia
569 1255 703 1302 facta
725 1254 983 1302 mortifera
1005 1255 1155 1301 fuisse
1179 1262 1477 1318 conpertum
1500 1262 1591 1301 est.
1659 1254 1787 1302 hanc

310 1335 508 1382 Sextius
549 1336 777 1382 milacem
817 1353 846 1381 a
887 1335 1089 1381 Graecis
1130 1338 1293 1381 vocari
1332 1334 1470 1390 dicit,
1496 1342 1549 1381 et
1589 1351 1696 1381 esse
1736 1338 1786 1381 in

310 1416 524 1461 Arcadia
544 1423 649 1461 tarn
669 1419 948 1478 praesentis
970 1418 1149 1461 veneni
1171 1423 1228 1461 ut
1250 1417 1334 1479 qui
1355 1414 1673 1461 obdormiant
1693 1415 1785 1461 sub

310 1512 371 1541 ea
404 1496 630 1541 cibumve
666 1499 867 1559 capiant
903 1498 1191 1541 moriantur.
1261 1501 1377 1540 sunt
1413 1497 1497 1557 qui
1532 1501 1586 1540 et
1619 1498 1787 1540 taxica

308 1573 421 1620 hinc
451 1576 702 1638 appellata
732 1575 902 1620 dicant
931 1591 1125 1620 venena
1155 1591 1284 1637 quae
1314 1590 1445 1619 nunc
1474 1577 1641 1619 toxica
1670 1573 1787 1620 dici-

308 1671 434 1709 mus,
460 1656 636 1717 quibus
662 1659 878 1718 sagittae
903 1658 1212 1717 tinguantur.
1278 1655 1472 1716 reperio
1491 1654 1510 1682 2
1534 1656 1786 1699 innoxiam

310 1734 414 1780 fieri
438 1739 478 1779 si
502 1738 552 1779 in
576 1738 735 1797 ipsam
760 1735 987 1780 arborem
1012 1734 1177 1779 clavus
1203 1750 1379 1779 aereus
1405 1733 1653 1796 adigatur.

370 1814 509 1860 XXI.
543 1813 631 1859 Pix
648 1814 836 1877 liquida
850 1818 900 1859 in
914 1814 1114 1877 Europa
1131 1830 1157 1859 e
1175 1813 1327 1859 taeda
1341 1815 1587 1875 coquitur,
1603 1813 1785 1859 navali-

308 1894 399 1939 bus
424 1894 704 1940 muniendis
731 1894 1012 1955 multosque
1038 1893 1156 1938 alios
1181 1893 1245 1939 ad
1268 1909 1397 1938 usus.
1466 1892 1656 1955 lignum
1680 1896 1784 1939 eius

307 1977 556 2019 concisum
576 1973 730 2019 furnis
751 1974 971 2035 undique
993 1977 1093 2035 igni
1115 1980 1258 2018 extra
1277 1971 1586 2018 circumdato
1605 1971 1781 2018 fervet.

305 2057 492 2116 primus
522 2054 671 2099 sudor
700 2070 860 2116 aquae
891 2053 1039 2098 modo
1070 2052 1178 2098 fluit
1207 2052 1395 2106 canali3
1442 2051 1534 2097 hoe
1563 2054 1614 2096 in
1643 2051 1784 2115 Syria

306 2133 528 2179 cedrium
569 2141 788 2188 vocatur,
828 2137 906 2179 cui
946 2140 1091 2178 tanta
1132 2136 1200 2178 vis
1242 2139 1319 2178 est
1360 2138 1415 2177 ut
1455 2135 1505 2176 in
1545 2132 1784 2195 Aegypto

412 2254 427 2277 1
458 2253 709 2292 Benedictus
729 2252 1062 2303 (phthiropoeon
1086 2251 1322 2302 Mayhofsfl
1355 2250 1680 2302 phthiroporon.

415 2307 429 2329 ²
457 2309 652 2357 reperio?
686 2306 882 2356 Mayhoff
896 2321 904 2345 :
936 2310 1118 2356 reperto.

378 2492 396 2510 ‘²
427 2485 585 2524 Taaeica
606 2485 716 2523 from
738 2490 871 2530 laxus,
896 2499 921 2523 a
942 2498 1057 2535 yew;
1095 2483 1228 2522 toscica
1251 2483 1361 2522 from
1384 2483 1514 2531 τόξον,
1539 2496 1563 2521 a
1589 2481 1694 2521 bow.

298 2576 388 2617 420
