1909 2998
240 751 291 790 93

239 1394 291 1434 94

241 1796 293 1834 95

578 218 822 263 PLINY:
887 217 1217 264 NATURAL
1262 217 1560 264 HISTORY

325 353 498 409 empta
546 344 629 390 HS
683 349 746 400 ὃς
799 351 1107 391 memoratur
1161 351 1214 391 et
1254 344 1384 391 Galli
1437 345 1579 391 Asini
1620 345 1702 391 HS
1741 345 1807 408 ΙΞΙ.

324 426 661 472 venumdatae
699 433 815 471 sunt
852 432 904 471 et
940 425 1070 471 duae
1108 425 1170 470 ab
1208 425 1334 471 Iuba
1369 441 1490 488 rege
1524 426 1808 489 pendentes

325 523 536 568 quarum
579 505 724 552 alteri
764 508 987 569 pretium
1029 504 1126 551 fuit
1169 504 1253 550 HS
1313 507 1429 562 sffil,
1472 505 1617 552 alteri
1658 506 1809 570 paulo

324 589 501 631 minus.
570 588 764 632 interiit
779 602 938 648 nuper
951 585 1184 631 incendio
1200 602 1228 630 a
1244 585 1482 648 Cethegis
1497 585 1808 633 descendens

327 665 408 710 HS
460 665 567 722 [¹51]ss
616 673 924 729 permutata,
968 664 1223 710 latifundii
1278 668 1558 721 taxatione,
1584 668 1642 712 ·si
1700 670 1809 728 quis

323 745 530 808 praedia
554 749 685 791 tanti
712 748 921 791 mercari
947 745 1103 791 malit.
1173 745 1470 808 magnitudo
1495 745 1809 809 amplissimis

325 825 485 871 adhuc
529 825 652 872 fuit:
717 828 801 871 uni
845 828 1138 871 commissae
1184 842 1247 871 ex
1291 826 1492 872 orbibus
1536 825 1810 872 dimidiatis

324 905 516 952 duobus
568 923 597 951 a
645 923 767 968 rege
821 905 1175 951 Mauretaniae
1227 903 1520 951 Ptolemaeo
1571 913 1811 968 quattuor

323 985 479 1048 pedes
517 993 569 1032 et
605 985 919 1049 semipedem
952 1002 1043 1049 per
1078 985 1303 1031 medium
1340 986 1604 1042 ambitum,
1639 989 1811 1032 crassi-

324 1065 500 1111 tudine
538 1065 1183 1128 quadrantali—maiusque
1218 1065 1513 1111 miraculum
1548 1068 1600 1110 in
1636 1082 1698 1112 ea
1733 1072 1810 1112 est

324 1149 443 1191 artis
466 1146 659 1192 latente
681 1149 912 1191 iunctura
944 1163 1094 1208 quam
1115 1149 1364 1209 potuisset
1397 1162 1506 1192 esse
1535 1153 1809 1192 naturae—-

323 1226 510 1272 solidae
549 1233 722 1272 autem
745 1226 764 1254 1
793 1243 822 1271 a
856 1226 1035 1271 Nomio
1073 1225 1299 1272 Caesaris
1322 1226 1505 1272 liberto
1528 1243 1809 1289 cognomen

323 1306 545 1352 trahenti
570 1307 730 1353 tribus
754 1306 949 1352 sicilicis
973 1305 1103 1351 infra
1127 1313 1368 1368 quattuor
1389 1306 1547 1371 pedes
1571 1305 1810 1353 totidem-

325 1404 422 1449 que
452 1386 580 1432 infra
607 1387 793 1450 pedem
822 1386 1177 1432 crassitudinis.
1248 1403 1347 1448 qua
1374 1389 1426 1431 in
1453 1403 1508 1432 re
1537 1403 1637 1432 non
1665 1390 1810 1433 omit-

323 1467 536 1513 tendum
575 1467 775 1514 videtur
813 1467 1013 1513 Tiberio
1051 1469 1263 1531 principi
1303 1483 1530 1513 mensam
1571 1474 1811 1530 quattuor

323 1547 478 1611 pedes
525 1555 761 1594 sextante
809 1553 863 1593 et
907 1546 1092 1593 sicilico
1139 1547 1492 1603 excedentem,
1537 1554 1649 1593 tota
1694 1564 1810 1593 vero

324 1628 652 1674 crassitudine
677 1627 987 1683 sescunciali,
1012 1630 1326 1691 operimento
1350 1626 1549 1674 lamnae
1573 1631 1810 1674 vestitam

325 1708 493 1764 fuisse,
537 1725 651 1754 cum
694 1715 802 1754 tam
845 1710 1013 1771 opima
1057 1707 1237 1753 Nomio
1280 1707 1463 1753 liberto
1508 1710 1613 1754 eius
1658 1714 1808 1754 esset.

328 1790 476 1835 tuber
517 1787 610 1834 hoc
653 1796 731 1834 est
772 1788 967 1843 radicis,
1010 1791 1330 1850 maximeque
1372 1787 1634 1834 laudatum
1677 1788 1810 1850 quod

325 1870 416 1915 sub
444 1876 580 1915 terra
607 1876 774 1914 totum
804 1867 956 1914 fuerit
986 1875 1038 1914 et
1066 1871 1223 1914 rarius
1254 1884 1405 1930 quam
1435 1885 1565 1930 quae
1594 1885 1808 1932 superne

324 1953 599 2012 gignuntur
640 1952 796 1995 etiam
835 1951 887 1994 in
926 1952 1103 2002 ramis3
1160 1951 1462 2012 proprieque
1505 1948 1639 2011 quod
1677 1951 1809 1995 tanti

325 2032 508 2075 emitur
550 2030 782 2075 arborum
823 2031 1001 2074 vitium
1043 2035 1138 2084 est,
1180 2045 1391 2091 quarum
1433 2028 1711 2092 amplitudo
1752 2045 1809 2075 ac

324 2109 516 2155 radices
559 2112 813 2155 aestimari
850 2115 1060 2172 possunt
1097 2125 1159 2154 ex
1197 2109 1413 2154 orbibus.
1485 2115 1602 2154 sunt
1637 2116 1808 2154 autem

325 2206 557 2252 cupresso
597 2188 816 2235 feminae
858 2196 1011 2251 atque
1053 2192 1331 2234 etiamnum
1371 2187 1585 2234 silvestri
1624 2188 1808 2234 similes

326 2268 458 2322 folio,
520 2269 689 2323 odore,
751 2269 972 2314 caudice.
1042 2269 1340 2314 Ancorarius
1402 2284 1543 2314 mons
1604 2275 1809 2314 vocatur

326 2348 578 2394 Citerioris
646 2348 996 2394 Mauretaniae
1062 2351 1145 2410 qui
1209 2348 1603 2394 laudatissimam
1666 2347 1807 2394 dedit

325 2431 523 2484 citrum,
547 2432 646 2474 iam
671 2427 959 2475 exhaustus.

911 2546 924 2568 1
957 2546 1059 2584 ite-m
1081 2544 1215 2583 Galen.

329 2627 413 2673 154
