1909 2998
592 207 837 254 PLINY:
901 207 1231 254 NATURAL
1276 207 1569 254 HISTORY

338 341 391 380 et
421 332 624 381 anhelos
654 338 881 397 ingentia
911 351 1028 380 vasa
1057 338 1306 396 corripere
1337 334 1474 381 velut
1505 334 1569 380 ad
1598 341 1818 381 ostenta-

336 428 528 470 tionem
556 427 732 471 virium
759 441 816 471 ac
843 423 993 487 plena
1019 424 1301 479 infundere,
1329 432 1385 471 ut
1413 427 1588 470 statim
1615 432 1818 471 vomant

337 530 605 577 rursusque
638 513 901 569 hauriant3
952 514 1105 577 idque
1130 518 1314 561 iterum
1340 518 1668 576 tertiumque,
1690 522 1819 560 tam-

337 620 489 666 quam
519 584 584 650 ad
613 604 872 666 perdenda
903 608 1017 650 vina
1047 608 1225 667 geniti,
1257 612 1309 650 et
1339 611 1602 666 tamquam
1634 603 1818 650 effundi

236 700 312 738 140
335 692 418 739 illa
468 710 567 740 non
617 698 807 756 possint
857 698 949 740 nisi
1000 711 1090 756 per
1138 711 1314 756 corpus
1366 693 1656 740 humanum.
1722 693 1817 740 huc

335 788 592 846 pertinent
631 788 929 847 peregrinae
969 788 1356 831 exercitationes
1397 792 1450 831 et
1488 784 1731 831 volutatio
1767 788 1818 831 in

334 890 490 920 caeno
543 891 600 921 ac
652 882 915 936 pectorosa
966 878 1167 921 cervicis
1220 874 1475 937 repandae
1527 878 1815 922 ostentatio.

334 981 424 1026 per
457 968 623 1011 omnia
657 964 781 1012 haec
814 965 1137 1027 praedicatur
1170 968 1277 1011 sitis
1313 968 1500 1027 quaeri.
1566 969 1668 1010 iam
1701 981 1817 1011 vero

335 1071 464 1117 quae
511 1058 563 1101 in
609 1055 828 1101 bibendo
876 1059 1171 1110 certamina,
1220 1072 1349 1118 quae
1397 1072 1514 1102 vasa
1561 1054 1816 1102 adulteriis

333 1145 547 1200 caelata,
561 1152 825 1208 tamquam
842 1162 932 1207 per
948 1162 1002 1192 se
1018 1162 1196 1207 parum
1212 1145 1394 1192 doceat
1410 1145 1639 1191 libidines
1654 1153 1817 1192 temu-

333 1234 513 1282 lentia!
561 1238 634 1282 ita
663 1239 776 1281 vina
806 1252 868 1282 ex
897 1235 1103 1282 libidine
1132 1234 1446 1291 hauriuntur,
1476 1243 1631 1298 atque
1660 1239 1813 1282 etiam

332 1328 554 1387 praemio
587 1329 829 1372 invitatur
862 1326 1080 1372 ebrietas
1115 1333 1185 1381 et,
1218 1329 1258 1372 si
1291 1326 1366 1371 dis
1399 1325 1584 1387 placet,
1618 1329 1813 1374 emitur.

333 1414 455 1461 alius
478 1423 534 1462 ut
557 1423 803 1478 quantum
824 1416 1009 1462 biberit
1029 1423 1233 1462 tantum
1257 1416 1376 1461 edat
1396 1415 1415 1444 1
1443 1419 1662 1477 pretium
1683 1419 1816 1463 vino-

332 1505 518 1552 lentiae
558 1506 671 1568 lege
710 1509 908 1568 accipit,
947 1506 1070 1552 alius
1111 1514 1357 1569 quantum
1397 1505 1507 1552 alea
1547 1510 1815 1568 quaesierit

233 1601 304 1639 141
331 1602 533 1642 tantum
568 1596 712 1643 bibit.
779 1604 900 1643 tunc
937 1596 1067 1642 avidi
1103 1604 1388 1643 matronam
1424 1595 1552 1642 oculi
1585 1596 1814 1653 licentur,

329 1702 506 1749 graves
553 1686 772 1748 produnt
820 1690 1030 1741 marito;
1094 1694 1215 1733 tunc
1264 1689 1415 1732 animi
1464 1694 1659 1733 secreta
1704 1703 1815 1749 pro—

330 1775 587 1823 feruntur:
632 1776 714 1822 alii
740 1784 1053 1823 testamenta
1079 1793 1168 1823 sua
1196 1784 1507 1839 nuncupant,
1535 1776 1619 1822 alii
1645 1781 1814 1824 morti-

329 1866 437 1912 fera
471 1866 732 1914 elocuntur
766 1867 1114 1930 rediturasque
1149 1884 1240 1928 per
1274 1867 1500 1930 iugulum
1535 1883 1679 1914 voces
1714 1884 1813 1914 non

328 1960 607 2011 continent,
625 1973 777 2019 quam
793 1956 962 2003 multis
979 1960 1052 2003 ita
1068 1960 1404 2019 interemptis,
1422 1956 1670 2020 volgoque
1688 1961 1813 2004 veri-

231 2052 307 2090 142
330 2054 408 2093 tas
428 2050 531 2092 iam
553 2047 800 2093 attributa
822 2050 935 2093 vino
959 2054 1051 2093 est.
1119 2051 1331 2103 interea,
1353 2054 1410 2094 ut
1433 2050 1622 2109 optime
1645 2047 1811 2106 cedat,

328 2136 483 2183 solem
525 2140 772 2183 orientem
814 2153 914 2183 non
956 2137 1145 2192 vident,
1188 2153 1245 2184 ac
1287 2140 1449 2183 minus
1491 2137 1578 2183 diu
1621 2140 1809 2186 vivunt.

331 2224 442 2273 hinc
490 2225 648 2289 pallor
696 2234 748 2274 et
796 2243 959 2290 genae
1008 2227 1276 2289 pendulae,
1325 2226 1579 2274 oculorum
1628 2227 1811 2284 ulcera,

936 2344 949 2368 1
989 2343 1065 2383 V.l.
1087 2344 1191 2383 edit.

700 2525 718 2543 ⁰
746 2518 835 2557 The
859 2519 1042 2569 proverb
1065 2518 1121 2557 In
1148 2518 1241 2558 vino
1267 2518 1423 2559 veritas.

337 2595 424 2652 278
