1909 2998
253 749 304 787 80

253 1392 301 1431 81

591 184 834 231 PLINY:
899 185 1229 232 NATURAL
1274 184 1572 233 HISTORY

336 314 597 376 Augustae
620 315 842 359 tenuitas
867 312 1140 359 tolerandis
1164 329 1264 358 non
1289 312 1568 359 sufficiebat
1591 312 1821 367 calamis;

336 420 399 466 ad
432 419 524 466 hoc
557 423 846 466 tramittens
879 419 1076 466 litteras
1109 419 1292 466 liturae
1327 426 1522 466 metum
1556 418 1822 466 adferebat

337 544 398 574 ex
428 531 627 583 aversis,
654 535 706 574 et
732 527 851 573 alias
879 527 1118 573 indecoro
1137 529 1244 573 visu
1266 526 1621 590 pertralucida.
1669 529 1823 590 igitur

336 652 362 681 e
387 635 606 681 secundo
631 638 763 681 corio
789 638 1069 681 statumina
1093 633 1230 680 facta
1256 641 1390 690 sunt,
1416 651 1444 681 e
1467 636 1629 699 primo
1653 635 1823 681 subte-

340 745 488 788 mina.
558 745 699 788 auxit
719 749 772 788 et
790 742 1114 788 latit-udinem
1133 741 1303 804 pedali
1323 757 1572 788 mensura.
1642 748 1751 788 erat
1771 749 1824 788 et

335 849 563 895 cubitalis
608 849 913 904 macrocolis‚
959 849 1049 895 sed
1092 851 1222 895 ratio
1266 847 1604 912 deprehendit
1646 851 1823 895 vitium

337 960 480 1002 unius
519 956 719 1002 schidae
759 957 1035 1003 revolsione
1074 956 1241 1020 plures
1281 955 1557 1002 infestante
1594 959 1821 1019 paginas.

338 1064 401 1110 ob
451 1063 575 1110 haec
624 1063 853 1127 praelata
904 1064 1132 1109 omnibus
1184 1063 1411 1119 Claudia,
1461 1063 1724 1126 Augustae
1773 1066 1824 1108 in

337 1171 561 1234 epistulis
588 1174 859 1217 auctoritas
885 1170 1090 1225 relicta3
1135 1170 1343 1217 Liviana
1368 1187 1510 1216 suam
1536 1173 1721 1227 tenuit,
1746 1173 1823 1216 cui

340 1277 459 1324 nihil
483 1295 508 1324 e
529 1281 692 1342 prima
715 1286 824 1324 erat
846 1278 936 1324 sed
958 1280 1125 1323 omnia
1147 1295 1174 1324 e
1197 1277 1434 1324 secunda.

408 1385 563 1431 XXV.
619 1385 866 1432 Scabritia
918 1385 1167 1448 levigatur
1219 1385 1375 1432 dente
1427 1384 1697 1441 conchave,
1736 1385 1825 1432 sed

337 1492 556 1539 caducae
585 1493 788 1540 litterae
819 1493 973 1539 fiunt:
1008 1496 1171 1539 minus
1197 1493 1368 1539 sorbet
1391 1492 1610 1556 politura
1633 1491 1824 1549 charta,

338 1603 497 1664 magis
516 1600 765 1664 splendet.
827 1600 1041 1647 rebellat
1060 1617 1213 1664 saepe
1239 1617 1382 1646 umor
1406 1602 1651 1646 incuriose
1676 1599 1824 1647 datus

337 1710 514 1771 primo,
531 1707 813 1770 malleoque
830 1706 1247 1771 deprehenditur,
1265 1715 1353 1753 aut
1371 1710 1527 1753 etiam
1544 1707 1695 1753 odore
1712 1724 1824 1754 cum

338 1831 455 1860 cura
474 1815 493 1843 1
536 1814 632 1861 fuit
673 1815 1029 1878 indiligentior.
1099 1813 1497 1879 deprehenditur
1540 1821 1593 1861 et
1633 1813 1825 1877 lentigo

339 1922 508 1978 oculis,
531 1922 621 1969 sed
642 1925 831 1969 inserta
853 1922 1031 1969 mediis
1055 1922 1438 1985 glutinamentis
1461 1929 1647 1968 taenea
1671 1921 1825 1985 fungo

337 2033 515 2093 papyri
548 2030 720 2076 bibula
754 2033 835 2076 vix
871 2033 963 2076 nisi
997 2030 1170 2077 littera
1204 2028 1452 2076 fundente
1488 2045 1570 2076 se:
1623 2036 1824 2076 tantum

339 2139 470 2183 inest
494 2136 697 2183 fraudis.
767 2137 890 2183 alius
915 2140 1069 2200 igitur
1092 2140 1278 2183 iterum
1301 2136 1536 2183 texendis
1561 2136 1715 2183 labor.

843 2269 858 2292 1
889 2282 988 2307 cura
1009 2268 1101 2307 add.
1125 2268 1177 2307 M
1179 2267 1329 2319 ayhoff.

396 2423 413 2440 ‘²
444 2415 797 2466 ‘Imng-limbed,’
826 2416 871 2454 in
897 2415 997 2466 long
1027 2416 1184 2467 strips;
1244 2416 1404 2463 Cicero,
1433 2416 1488 2454 ad
1513 2417 1598 2455 Ata.
1631 2414 1750 2455 XVI.
1781 2417 1819 2455 3.

350 2473 366 2509 l
391 2469 478 2509 and
498 2469 624 2509 XIII.
648 2471 740 2516 253,
763 2470 851 2509 and
874 2482 992 2509 some
1016 2469 1133 2509 MSS.
1156 2470 1257 2508 here
1283 2470 1373 2509 also
1395 2470 1494 2521 give
1515 2469 1822 2516 macrocollum,

349 2522 359 2538 ⁴
374 2522 646 2574 long-glued,’
667 2523 793 2563 made
811 2522 860 2562 of
873 2524 1004 2574 strips
1024 2523 1177 2574 pasted
1196 2522 1407 2574 together.

346 2600 430 2654 146
