1909 2998
219 688 265 727 71

219 1296 270 1335 72

559 208 804 254 PLINY:
869 208 1199 254 NATURAL
1245 207 1542 255 HISTORY

368 335 536 382 Pretia
556 352 618 382 ex
637 338 895 382 occasione
925 338 1203 382 ementium
1227 339 1381 391 varia,
1400 343 1594 383 stactae
1615 353 1643 382 a
1666 337 1705 383 Χ
1728 352 1788 384 111

304 422 367 468 ad
406 423 445 468 Χ
484 437 528 478 L,
566 425 757 468 sativae
801 439 1052 468 summum
1090 423 1130 469 Χ
1185 437 1254 478 XI,
1291 420 1606 486 Erythraeae
1641 438 1790 469 xvi—-

301 507 429 554 hanc
520 508 693 554 volunt
783 509 1053 554 Arabicam
1128 508 1789 573 intellegi—Trogodyticae

301 595 478 642 nucleo
515 610 598 640 Χνι
633 610 674 651 s,
711 599 757 642 ei
793 612 909 641 vero
947 612 1098 658 quam
1134 595 1412 642 odorariam
1441 603 1638 652 vocant,
1674 596 1791 642 xn.1

304 681 618 728 adulteratur
636 681 835 728 lentisci
856 682 1048 745 glaebis
1071 689 1124 728 et
1145 685 1347 738 cummi,
1369 685 1494 729 item
1514 686 1790 730 cucumeris

300 784 417 814 suco
434 769 779 814 amaritudinis
796 786 963 825 causa,
980 772 1110 815 sicut
1126 769 1363 833 ponderis
1380 785 1558 832 spuma
1574 773 1788 833 argenti.

300 855 492 917 reliqua
523 858 646 901 vitia
678 854 1130 918 deprehenduntur
1163 872 1358 919 sapore,
1390 859 1600 902 cummis
1632 856 1788 903 dente

300 941 598 987 lentescens.
668 941 984 988 fallacissime
1033 949 1206 988 autem
1254 941 1569 989 adulteratur
1618 942 1790 989 Indica

300 1045 484 1084 murra,
526 1045 655 1091 quae
697 1030 765 1074 ibi
807 1029 871 1074 de
915 1029 1133 1091 quadam
1175 1031 1318 1092 spina
1358 1028 1637 1092 colligitur;
1697 1028 1790 1075 hoc

301 1115 460 1161 solum
497 1118 640 1178 peius
683 1115 827 1161 India
867 1115 1050 1172 adfert,
1090 1115 1224 1161 facili
1263 1115 1605 1172 distinctione,
1643 1123 1789 1163 tanto

301 1202 522 1248 deterior
545 1210 636 1249 est.

365 1289 599 1335 XXXVI.
636 1290 770 1352 Ergo
789 1292 971 1336 transit
994 1293 1045 1335 in
1070 1288 1351 1336 mastichen
1371 1306 1500 1353 quae
1527 1296 1580 1337 et
1605 1306 1667 1336 ex
1693 1289 1789 1337 alia

302 1379 445 1440 spina
470 1376 526 1422 fit
550 1380 603 1422 in
628 1375 776 1423 India
799 1380 1026 1439 itemque
1051 1380 1102 1422 in
1126 1377 1342 1431 Arabia;
1383 1377 1568 1422 lainam
1592 1384 1788 1424 vocant.

302 1463 392 1509 sed
415 1462 662 1510 mastiche
688 1480 888 1526 quoque
913 1467 1117 1526 gemina
1141 1471 1236 1519 est,
1260 1466 1496 1526 quoniam
1519 1471 1573 1510 et
1594 1466 1647 1509 in
1669 1464 1790 1510 Asia

304 1549 617 1612 Graeciaque
653 1553 904 1614 reperitur
937 1549 1095 1597 herba
1130 1566 1159 1595 a
1193 1550 1361 1596 radice
1396 1549 1515 1596 folia
1550 1553 1789 1597 emittens

303 1643 356 1682 et
373 1636 614 1683 carduum
633 1637 847 1683 similem
865 1637 1015 1693 malo,
1033 1640 1235 1684 seminis
1252 1636 1460 1700 plenum
1478 1653 1535 1683 ac
1552 1636 1788 1684 lacrimae

302 1740 431 1786 quae
475 1727 693 1788 erumpit
734 1727 888 1770 incisa
927 1732 1075 1788 parte
1118 1741 1330 1780 summa,
1372 1727 1453 1770 vix
1498 1731 1555 1770 ut
1597 1724 1787 1770 dinosci

300 1813 456 1873 possit
487 1827 515 1856 a
544 1810 788 1857 mastiche
819 1828 952 1858 vera.
1020 1828 1114 1858 nec
1144 1828 1243 1856 non
1275 1817 1328 1857 et
1357 1813 1514 1857 tertia
1543 1814 1594 1856 in
1625 1809 1787 1857 Ponto

301 1905 396 1952 est,
454 1898 687 1944 bitumini
746 1898 966 1954 similior,
1024 1898 1372 1944 laudatissima
1431 1904 1604 1943 autem
1664 1896 1787 1944 Chia

300 1984 530 2040 candida,
546 1988 684 2031 cuius
709 1988 929 2048 pretium
958 1988 1009 2030 in
1032 1984 1182 2031 libras
1203 1985 1243 2030 Χ
1265 1999 1312 2040 x,
1332 1987 1504 2047 nigrae
1529 2001 1646 2030 vero
1667 1985 1706 2031 Χ
1728 2000 1784 2031 11.

301 2070 424 2116 Chia
479 2088 506 2117 e
561 2071 772 2117 lentisco
825 2072 1043 2118 traditur
1096 2075 1236 2135 gigni
1292 2073 1564 2117 cummium
1619 2071 1783 2117 modo.

301 2157 613 2204 adulteratur
638 2166 694 2204 ut
717 2166 832 2205 tura
854 2162 1034 2205 resina.

634 2266 648 2290 ¹
679 2265 859 2304 Numeri
879 2265 924 2304 hi
942 2279 1081 2304 omnes
1102 2265 1213 2304 varie
1231 2264 1465 2305 traduntur.

357 2422 375 2439 ‘²
403 2416 505 2454 This
526 2416 803 2467 presumably
824 2428 972 2455 means
992 2416 1091 2455 that
1112 2416 1186 2455 the
1208 2415 1364 2454 Indian
1386 2416 1555 2467 variety
1576 2416 1610 2454 is
1631 2415 1784 2466 hardly

301 2469 656 2520 distinguishable
678 2469 790 2508 from
813 2469 1012 2515 mastich,
1039 2470 1118 2508 but
1141 2471 1175 2508 it
1199 2469 1276 2508 has
1301 2469 1408 2508 been
1430 2470 1563 2509 taken
1586 2474 1633 2508 to
1657 2481 1783 2508 mean

300 2523 399 2562 that
420 2524 454 2562 it
474 2523 665 2574 actually
685 2523 962 2574 degenerates
983 2524 1074 2562 into
1097 2523 1294 2562 mastich.

307 2613 361 2659 52
