1909 2998
253 712 299 750 81

252 1388 304 1428 82

255 2259 305 2296 83

587 188 831 235 PLINY:
895 187 1224 234 NATURAL
1267 187 1563 234 HISTORY

337 316 590 380 aquifolio,
648 315 830 369 suberi,
890 321 1027 368 taxo,
1087 316 1328 359 tamarici.
1407 316 1539 359 inter
1598 320 1809 376 utraque

334 429 522 478 genera
552 418 668 457 sunt
699 410 965 456 andrachle
995 413 1046 454 in
1079 410 1289 455 Graecia
1319 416 1372 455 et
1403 410 1587 472 ubique
1619 410 1810 456 unedo:

334 510 525 572 reliqua
553 511 686 554 enim
713 506 832 552 folia
858 506 1099 552 decidunt
1126 509 1184 551 iis
1211 513 1566 568 praeterquam
1593 509 1644 552 in
1669 523 1811 553 cacu-

335 606 563 653 minibus.
632 621 731 649 non
755 603 996 649 decidunt
1021 609 1192 648 autem
1217 608 1270 648 et
1293 604 1343 646 in
1367 601 1601 648 fruticum
1625 619 1810 666 genere

336 703 486 750 cedro
505 702 523 731 1
552 701 767 756 cuidam,
795 700 936 755 rubo,
964 698 1170 745 calamo.
1238 701 1289 743 in
1315 697 1534 744 Thurino
1563 715 1699 762 agro,
1727 700 1810 745 ubi

336 800 535 863 Sybaris
559 797 672 854 fuit,
696 813 758 842 ex
782 800 890 860 ipsa
914 797 1036 841 urbe
1059 795 1457 859 prospiciebatur
1480 812 1690 858 quercus
1714 813 1812 842 una

336 912 608 959 numquam
630 893 747 940 folia
769 893 1043 939 demittens
1066 908 1158 939 nec
1182 898 1301 938 ante
1322 891 1542 939 mediam
1564 899 1812 939 aestatem

335 996 648 1057 germinans;
688 990 840 1052 idque
864 992 1044 1034 mirum
1068 995 1145 1034 est
1169 988 1374 1034 Graecis
1397 989 1681 1035 auctoribus
1702 1006 1813 1052 pro-

335 1091 497 1137 ditum
519 1087 653 1151 apud
674 1103 762 1132 nos
783 1093 962 1149 postea
983 1085 1129 1132 sileri.
1199 1101 1316 1130 nam
1335 1085 1556 1131 locorum
1577 1092 1722 1132 tanta
1743 1089 1812 1133 vis

336 1195 414 1234 est
451 1194 508 1232 ut
544 1188 674 1231 circa
714 1182 997 1246 Memphim
1035 1182 1261 1245 Aegypti
1299 1189 1352 1228 et
1388 1185 1440 1227 in
1477 1181 1812 1246 Elephantine

334 1282 602 1330 Thebaidis
624 1279 743 1326 nulli
768 1280 999 1325 arborum
1023 1278 1279 1335 decidant,
1301 1295 1364 1324 ne
1387 1279 1569 1325 vitibus
1593 1279 1811 1342 quidem.

399 1377 633 1426 XXXIV.
671 1377 884 1423 Ceterae
909 1392 1082 1422 omnes
1119 1382 1264 1422 extra
1297 1375 1600 1438 praedictas,
1625 1380 1814 1423 etenim

337 1491 629 1524 enumerare
672 1473 876 1536 longum
919 1479 1013 1528 est,
1055 1471 1174 1517 folia
1215 1471 1528 1535 deperdunt3
1587 1473 1814 1519 observa-

334 1581 544 1634 tumque
582 1587 680 1616 non
717 1585 943 1615 arescere
979 1571 1071 1614 nisi
1106 1572 1281 1615 tenuia
1317 1575 1370 1614 et
1405 1568 1508 1614 lata
1544 1576 1598 1615 et
1631 1569 1814 1626 mollia,

337 1686 465 1733 quae
493 1684 609 1714 vero
636 1684 735 1712 non
761 1665 1000 1712 decidant
1026 1665 1151 1711 callo
1177 1681 1341 1711 crassa
1368 1671 1421 1711 et
1447 1673 1662 1728 angusta
1689 1683 1812 1715 esse.

337 1766 460 1812 falsa
491 1764 716 1811 definitio
749 1770 827 1810 est
859 1779 957 1808 non
989 1762 1223 1809 decidere
1255 1765 1313 1808 iis
1346 1778 1556 1824 quarum
1585 1766 1816 1827 pinguior

336 1879 480 1910 sucus
525 1864 617 1915 sit3
687 1862 794 1922 quis
841 1862 974 1905 enim
1017 1866 1189 1922 potest
1233 1861 1283 1903 in
1328 1858 1439 1904 ilice
1484 1859 1814 1923 intellegere?

336 1958 569 2006 decidere
616 1957 849 2002 Timaeus
900 1954 1288 2002 mathematicus
1338 1955 1440 2002 sole
1505 1959 1814 2019 scorpionem

335 2060 630 2103 transeunte
661 2052 835 2098 sideris
861 2055 906 2097 vi
933 2059 985 2098 et
1017 2052 1234 2114 quodam
1260 2068 1453 2097 veneno
1480 2055 1605 2099 aeris
1634 2061 1812 2116 putat3

337 2168 422 2199 cur
454 2167 573 2213 ergo
606 2166 705 2195 non
738 2148 917 2195 cadem
949 2165 1098 2194 causa
1131 2148 1393 2194 adversum
1426 2165 1597 2195 omnes
1626 2150 1814 2214 polleat

339 2253 441 2294 iure
476 2250 727 2292 miremur.
795 2245 981 2291 cadunt
1015 2245 1237 2307 plurimis
1273 2252 1531 2301 autumno,
1566 2246 1813 2308 quaedam

338 2347 580 2390 amittunt
607 2342 797 2387 tardius
831 2349 982 2403 atque
1022 2344 1072 2386 in
1108 2340 1297 2387 hiemes
1325 2350 1596 2404 prorogant
1626 2359 1814 2398 moras3

603 2497 617 2520 ¹
650 2496 774 2534 cedro
794 2495 884 2534 coll.
908 2494 1186 2545 Theophrasto
1205 2494 1298 2534 add.
1324 2495 1373 2533 M
1376 2495 1527 2546 (zyhoss.

337 2589 425 2630 440
