1909 2998
538 210 783 255 PLINY:
847 208 1178 256 NATURAL
1223 209 1520 256 HISTORY

292 341 341 382 in
384 343 643 399 unguenta
685 336 886 382 additur
927 337 990 383 ab
1032 336 1293 399 aliquibus.
1360 344 1679 400 permutatur
1718 340 1767 383 in

292 404 440 448 libras
470 404 508 448 Χ
536 419 603 448 vl.

197 477 273 515 100
357 469 538 515 XLVI.
580 468 967 531 Myrobalanum
1003 468 1303 531 Trogodytis
1343 475 1396 514 et
1436 468 1679 514 Thebaidi
1716 476 1767 515 et

295 537 511 582 Arabiae
539 552 639 597 qua
654 535 671 564 1
694 535 935 580 Iudaeam
956 536 1019 581 ab
1040 536 1280 597 Aegypto
1299 535 1618 581 disterminat
1636 552 1768 581 com-

294 619 444 647 mune
466 609 560 656 est,
578 618 784 647 nascens
810 609 1087 664 unguento,
1103 608 1159 647 ut
1184 604 1291 664 ipso
1315 605 1515 647 nomine
1541 609 1768 665 apparet,

295 685 393 730 quo
440 672 562 713 item
611 668 859 713 indicatur
901 675 954 714 et
1000 667 1236 730 glandem
1279 682 1416 721 esse;
1469 668 1615 713 arbor
1652 669 1767 715 est2

293 733 607 798 heliotropio,
633 751 783 796 quam
815 734 1038 780 dicemus
1070 738 1203 780 inter
1234 733 1432 790 herbas,
1455 735 1602 780 simili
1633 734 1768 791 folio,

191 808 260 846 101
287 800 477 846 fructus
532 801 879 863 magnitudine
933 800 1192 846 abellanae
1240 803 1393 846 nucis.
1476 817 1538 847 ex
1591 799 1666 847 his
1718 804 1768 847 in

290 868 478 912 Arabia
513 884 722 913 nascens
759 867 962 930 Syriaca
1002 867 1300 931 appellatur,
1337 874 1390 913 et
1426 874 1504 913 est
1537 867 1768 924 candida,

290 941 463 979 contra
503 936 553 978 in
587 933 846 979 Thebaide
882 937 1051 996 nigra3
1102 932 1389 996 praefertur
1422 933 1505 979 illa
1539 934 1767 980 bonitate

291 1000 386 1045 olei
407 1000 540 1062 quod
565 1003 878 1063 exprimitur,
894 1000 983 1046 sed
1007 1003 1151 1063 copia
1174 999 1440 1045 Thebaica.
1488 1003 1621 1046 inter
1643 999 1768 1047 haec

289 1066 626 1129 Trogodytica
650 1066 885 1112 vilissima
910 1073 1002 1112 est.
1066 1073 1183 1112 sunt
1208 1069 1292 1128 qui
1317 1065 1670 1130 Aethiopicam
1693 1066 1767 1113 his

288 1132 578 1195 praeferant
601 1133 785 1194 glande
805 1136 948 1195 nigra
972 1149 1029 1178 ac
1052 1133 1257 1196 pingui3
1279 1133 1556 1195 nucleoque
1580 1133 1768 1196 gracili,

290 1200 378 1245 sed
408 1199 599 1261 liquore
630 1203 713 1262 qui
744 1202 1041 1262 exprimitur
1069 1199 1370 1255 odoratiore,
1398 1207 1689 1246 nascentem
1717 1203 1767 1245 in

195 1273 271 1310 102
291 1266 669 1329 campestribus.
738 1266 1048 1329 Aegyptiam
1076 1268 1389 1329 pinguiorem
1421 1282 1529 1312 esse
1559 1273 1612 1312 et
1640 1283 1768 1312 cras-

288 1335 415 1378 siore
458 1335 643 1378 cortice
684 1333 953 1378 rubentem
995 1339 1066 1387 et,
1109 1335 1332 1394 quamvis
1373 1335 1424 1377 in
1464 1332 1767 1396 palustribus

288 1406 538 1454 nascatur,
555 1400 833 1445 breviorem
849 1401 1226 1461 siccioremque,
1244 1415 1271 1445 e
1290 1399 1485 1444 diverso
1504 1399 1767 1445 Arabicam

286 1465 495 1511 viridem
523 1482 579 1511 ac
607 1468 891 1511 tenuiorem
920 1472 990 1520 et,
1018 1468 1253 1528 quoniam
1282 1472 1419 1511 amet
1438 1465 1459 1494 4
1484 1473 1766 1522 montuosa,

288 1535 599 1595 spissiorem3
669 1532 817 1594 longe
869 1539 1042 1578 autem
1093 1535 1336 1595 optimam
1387 1529 1653 1577 Petraeam
1704 1549 1766 1578 ex

289 1616 387 1660 quo
424 1598 641 1644 diximus
680 1598 882 1662 oppido,
918 1601 1061 1661 nigro
1095 1601 1300 1654 cortice,
1325 1598 1502 1644 nucleo
1537 1598 1765 1645 candido.

288 1668 607 1727 unguentarii
638 1672 809 1711 autem
837 1672 1040 1711 tantum
1067 1668 1278 1711 cortices
1304 1672 1559 1728 premunt,
1586 1665 1765 1711 medici

288 1739 339 1777 et
361 1731 380 1759 5
404 1731 624 1786 nucleos,
648 1731 924 1778 tundentes
948 1730 1126 1777 adfusa
1145 1731 1391 1795 paulatim
1414 1731 1575 1777 calida
1599 1748 1743 1794 aqua.

185 1804 262 1842 103
347 1798 555 1844 XLVII.
596 1798 928 1861 Myrobalano
963 1801 1014 1843 in
1050 1801 1320 1861 unguentis
1355 1797 1568 1844 similem
1602 1801 1766 1861 proxi-

288 1881 525 1927 mumque
549 1881 692 1910 usum
713 1864 869 1910 habet
889 1865 1057 1928 palma
1077 1868 1127 1910 in
1148 1866 1387 1928 Aegypto
1409 1881 1537 1927 quae
1559 1871 1766 1911 vocatur

568 2001 581 2024 ¹
613 2004 730 2050 qua?
762 2000 960 2050 Mayhoff
973 2016 982 2040 :
1016 2014 1097 2051 que
1116 2005 1189 2040 aut
1211 2013 1333 2051 quae.

565 2054 579 2076 2
611 2054 807 2105 Mayhoff
820 2069 829 2093 z
860 2054 1024 2094 arbore.

563 2107 578 2128 ³
610 2108 749 2146 Dalec.
770 2123 779 2147 :
809 2107 1008 2156 glandem
1028 2108 1193 2158 nigram
1215 2120 1291 2146 nec
1311 2107 1481 2158 pingue.

562 2162 576 2183 ⁴
606 2164 755 2200 amet?
787 2160 1007 2211 Illayhoff:
1037 2162 1107 2201 sit.

560 2213 575 2236 ⁵
604 2219 648 2253 et
667 2214 761 2253 add.
786 2213 990 2264 Jlffayhoff.

481 2431 497 2449 ‘²
530 2426 840 2478 Μυροβάλανον,
862 2431 872 2446 ‘
888 2425 1214 2477 persume-nut,'
1234 2426 1308 2464 the
1331 2425 1583 2467 beben-nun.

477 2478 492 2503 ¹³
525 2479 583 2519 Or
602 2480 791 2530 possibly
814 2479 823 2495 ‘
841 2480 983 2530 ripens
1004 2492 1120 2518 more
1139 2478 1318 2531 slowly.’

475 2539 489 2558 ⁰
524 2535 532 2549 ‘
550 2534 657 2572 Cure
678 2533 742 2571 for
762 2531 922 2574 thirsin?

286 2624 340 2666 72
