1909 2998
273 664 323 700 76

266 1622 316 1660 77

264 2025 315 2062 78

609 205 857 252 PLINY:
922 207 1252 254 NATURAL
1297 208 1594 256 HISTORY

359 337 564 399 pinguia
598 333 886 389 exsuda1·e,1
911 337 1085 395 itaque
1116 337 1345 381 attractis
1375 334 1606 382 funiculis
1634 335 1841 384 herbam

359 433 471 461 eam
505 414 728 461 convolvi
761 421 915 476 atque
947 417 1020 460 ita
1051 413 1171 460 offas
1204 415 1326 461 fieri.
1395 431 1514 478 ergo
1545 418 1595 461 in
1627 423 1840 479 utraque

357 502 513 557 gente
542 495 662 541 bina
690 511 896 557 genera,
925 501 1184 540 terrenum
1215 501 1268 542 et
1297 494 1580 550 facticium3
1626 495 1678 542 id
1708 497 1839 559 quod

357 583 614 622 terrenum
640 582 717 620 est
742 573 955 630 friabile,
980 573 1236 621 facticium
1259 574 1471 621 lentum.

421 656 527 702 Nec
549 672 648 701 non
671 653 904 700 fruticem
927 671 1036 701 esse
1059 654 1234 701 dicunt
1256 657 1307 701 in
1331 655 1596 701 Carmania
1618 663 1671 703 et
1692 674 1841 720 super

357 737 652 799 Aegyptum
689 751 782 798 per
821 733 1138 781 Ptolemaeos
1178 735 1373 781 tralatis
1412 735 1596 798 plantis
1637 743 1743 792 aut,
1782 744 1839 783 ut

356 813 457 868 alii,
498 812 844 874 degenerante
886 813 938 856 in
980 811 1031 856 id
1073 814 1197 857 turis
1240 812 1434 866 arbore,
1474 811 1740 875 colligique
1782 820 1840 860 ut

354 895 591 939 cummim
632 894 786 937 inciso
826 894 1012 937 cortice
1055 899 1109 938 et
1149 893 1363 955 caprinis
1402 892 1616 955 pellibus
1659 895 1836 957 excipi.

353 976 519 1037 pretia
584 979 702 1018 sunt
766 971 1109 1017 laudatissimo
1162 974 1212 1017 in
1278 971 1427 1018 libras
1495 989 1628 1018 asses
1694 987 1835 1019 xxxx.

355 1053 668 1100 adulteratur
699 1054 853 1115 myrti
882 1052 1018 1098 bacis
1051 1059 1104 1098 et
1135 1051 1241 1097 aliis
1275 1051 1562 1097 animalium
1593 1052 1834 1099 sordibus.

353 1137 531 1180 sinceri
566 1133 688 1179 odor
723 1149 832 1179 esse
868 1132 1026 1178 debet
1061 1131 1196 1178 ferus
1233 1139 1286 1178 et
1322 1132 1692 1194 quodammodo
1727 1133 1836 1179 soli-

353 1214 582 1261 tudinem
615 1212 864 1268 redolens,
898 1215 1061 1276 ipsum
1097 1215 1203 1258 visu
1239 1212 1432 1258 aridum
1478 1219 1622 1258 tactu
1662 1217 1835 1259 statim

351 1294 660 1349 mollescere,
693 1309 958 1339 accensum
992 1291 1185 1355 fulgere
1219 1292 1370 1338 odore
1404 1292 1647 1347 iucund03
1697 1297 1833 1356 gravi

350 1381 629 1438 myrtatum
649 1374 668 1403 2
729 1372 1126 1437 deprehenditur
1185 1375 1502 1436 crepitatque
1523 1371 1543 1400 ³
1604 1375 1654 1418 in
1714 1375 1831 1436 igni.

349 1462 617 1519 praeterea
647 1457 840 1500 sincero
870 1452 1046 1499 calculi
1075 1455 1243 1516 potius
1276 1469 1303 1499 e
1334 1453 1539 1516 rupibus
1570 1451 1834 1500 inhaerent

351 1553 501 1598 quam
523 1534 699 1598 pulvis.

415 1615 706 1661 XXXVIII.
747 1614 805 1660 In
829 1614 1018 1659 Arabia
1041 1620 1095 1660 et
1118 1612 1229 1660 olea
1261 1613 1468 1659 dotatur
1499 1612 1703 1659 lacrima
1734 1630 1832 1676 qua

349 1695 777 1742 medicamentum
802 1694 1062 1740 conficitur
1092 1693 1298 1739 Graecis
1332 1692 1612 1739 enhaemon
1641 1693 1829 1740 dictum

349 1775 585 1839 singulari
619 1774 803 1821 effectu
835 1773 1189 1820 contrahendis
1214 1772 1472 1819 volnerum
1501 1774 1828 1820 cicatricibus.

349 1859 400 1902 in
428 1858 691 1902 maritimis
722 1854 819 1901 hae
856 1853 1089 1900 fluctibus
1127 1860 1372 1915 aestuque
1409 1855 1703 1916 operiuntur
1737 1871 1829 1900 nec

347 1938 503 1983 bacae
529 1943 755 1990 nocetur,
780 1952 894 1981 cum
917 1941 1117 1980 constet
1141 1936 1192 1979 in
1216 1932 1345 1979 foliis
1370 1932 1526 1979 salem
1550 1933 1778 1995 relinqui.

413 2018 552 2062 Haec
582 2023 698 2062 sunt
726 2015 997 2078 peculiaria
1026 2014 1264 2069 Arabiae,
1294 2020 1346 2059 et
1374 2029 1536 2076 pauca
1563 2020 1829 2076 praeterea

411 2154 424 2178 ¹
456 2153 690 2204 Dethfsen:
721 2152 917 2191 insidere.

407 2207 423 2231 2
451 2208 535 2245 Ian
555 2223 563 2245 2
594 2206 714 2256 gravi
734 2210 828 2245 tum
852 2209 1008 2256 myrta.

406 2260 422 2283 ³
460 2261 536 2299 VJ.
576 2257 955 2309 deprehenduntur
1004 2258 1331 2309 crepitantque:
1386 2270 1443 2295 an
1492 2256 1825 2308 deprehenditur

352 2314 650 2364 crepitatuque
667 2316 682 2351 ?
707 2312 931 2351 Rackham.

898 2530 916 2549 ‘²
942 2525 1019 2564 Le.
1043 2523 1260 2576 ‘st-yptic.’
