1940 2998
581 176 826 222 PLINY:
890 174 1219 221 NATURAL
1263 172 1561 220 HISTORY

330 308 572 368 cupressis
608 310 817 365 serpunt
836 303 854 332 1
881 319 972 365 per
997 318 1191 348 summa
1215 304 1511 363 caespitum,
1539 300 1644 345 aliis
1670 306 1810 346 recto

330 399 519 446 meatu,
539 397 595 436 ut
615 390 769 445 lauro,
789 389 948 444 oleae,
969 388 1074 434 aliis
1094 387 1333 443 flexuoso,
1354 394 1410 432 ut
1429 386 1536 432 fico.
1604 388 1808 432 minutis

330 477 454 524 haec
487 476 850 540 capillamentis
884 474 1093 529 hirsuta,
1128 474 1222 520 ut2
1258 481 1311 520 et
1346 473 1482 519 abies
1517 471 1809 535 multaeque

331 565 646 619 silvestrium,
678 579 705 608 e
738 563 916 624 quibus
946 563 1171 607 montani
1201 562 1499 623 praetenuia
1530 559 1610 604 fila
1641 558 1811 605 decer-

328 658 509 715 pentes
557 648 855 713 spectabiles
903 648 1138 711 lagoenas
1177 654 1229 693 et
1277 646 1372 691 alia
1419 662 1534 692 vasa
1584 652 1810 692 nectunt.

232 744 308 784 129
333 737 536 801 quidam
581 753 681 782 non
726 735 872 782 altius
916 733 1223 781 descendere
1268 733 1458 779 radices
1505 749 1655 795 quam
1699 732 1812 778 solis

330 824 462 870 calor
480 822 756 887 tepefaciat
780 822 932 884 idque
952 829 1133 867 natura
1157 820 1250 866 loci
1265 819 1284 847 3
1302 822 1542 866 tenuioris
1567 822 1777 866 crassive
1793 819 1813 848 4

331 911 532 964 dixere3
582 909 716 972 quod
747 907 928 954 falsum
960 908 1198 953 arbitror:
1248 906 1383 970 apud
1415 913 1643 952 auctores
1673 913 1812 952 certe

331 1000 598 1052 invenitur,
652 996 830 1042 abietis
882 995 1057 1058 planta
1109 1011 1222 1040 cum
1275 992 1647 1049 transferretur,
1699 999 1813 1039 octo

330 1085 612 1131 cubitorum
675 1082 941 1129 altitudine
963 1081 983 1111 5
1046 1098 1138 1127 nec
1199 1087 1362 1126 totam
1423 1078 1663 1126 refossam
1724 1079 1814 1126 sed

332 1171 614 1234 abruptam.
682 1173 902 1215 maxima
944 1171 1107 1232 spatio
1151 1175 1304 1230 atque
1346 1166 1661 1230 plenitudine
1703 1169 1813 1213 citri

234 1266 309 1304 130
336 1265 429 1314 est,
451 1258 513 1303 ab
535 1273 595 1303 ea
612 1256 822 1320 platani,
842 1256 1030 1301 roboris
1052 1262 1104 1300 et
1123 1252 1531 1318 glandiferarum.
1601 1270 1814 1316 quarun-

333 1345 450 1391 dam
475 1344 617 1390 radix
644 1346 856 1389 vivacior
882 1341 1160 1405 superficie,
1187 1348 1244 1387 ut
1269 1340 1464 1395 laurus3
1502 1343 1674 1403 itaque
1701 1357 1814 1387 cum

332 1439 509 1478 trunco
532 1433 733 1485 inaruit,
757 1432 915 1475 recisa
939 1431 1093 1475 etiam
1117 1428 1297 1474 laetius
1321 1426 1542 1473 fruticat.
1611 1427 1814 1490 quidam

333 1519 581 1565 brevitate
609 1516 833 1563 radicum
859 1515 1068 1562 celerius
1096 1531 1358 1561 senescere
1387 1515 1586 1561 arbores
1611 1521 1814 1578 putant,

334 1605 468 1668 quod
500 1611 779 1667 coarguunt
814 1603 909 1659 fici,
943 1619 1154 1665 quarum
1187 1601 1378 1648 radices
1411 1601 1728 1664 longissimae
1762 1609 1815 1648 et

332 1699 565 1739 senectus
608 1694 849 1737 ocissima.
918 1689 1098 1736 falsum
1140 1690 1352 1735 arbitror
1393 1696 1447 1735 et
1489 1689 1623 1751 quod
1664 1689 1814 1752 aliqui

331 1778 616 1843 prodidere,
658 1778 850 1823 radices
894 1778 1127 1822 arborum
1170 1782 1426 1822 vetustate
1469 1778 1653 1831 minui3
1712 1779 1815 1822 visa

335 1868 468 1912 enim
516 1872 594 1911 est
650 1881 837 1910 annosa
894 1880 1106 1926 quercus
1163 1879 1337 1909 eversa
1390 1865 1712 1927 tempestatis
1769 1867 1813 1909 vi

336 1956 567 2016 iugerum
591 1952 680 1998 soli
705 1951 954 2014 amplexa.

234 2047 307 2086 131
399 2039 558 2085 LVII.
599 2037 879 2084 Prostratas
926 2040 1124 2084 restitui
1164 2036 1460 2101 plerumque
1503 2043 1556 2083 et
1597 2037 1814 2100 quadam

332 2132 497 2172 terrae
523 2128 754 2171 cicatrice
782 2127 1089 2171 revivescere
1109 2124 1128 2153 ⁶
1154 2123 1352 2187 volgare
1380 2131 1472 2170 est.
1540 2123 1814 2170 familiaris-

616 2241 632 2264 1
661 2242 840 2289 serpunt
858 2238 986 2277 adut?
1019 2237 1223 2289 Maykoff.

613 2294 628 2316 ²
658 2298 708 2331 ut
727 2292 854 2331 add.?
887 2291 1092 2342 Illayhoff.

613 2346 628 2368 ³
659 2346 767 2384 soli?
799 2345 1028 2384 Raclcham.

611 2400 626 2423 ⁴
656 2399 924 2437 crassiorisve
947 2397 1085 2436 Gelan.

615 2453 628 2475 ⁵
659 2452 919 2491 altitudine?
952 2450 1149 2502 Mayhoff
1162 2465 1171 2490 τ
1202 2451 1245 2490 in
1267 2450 1556 2492 altitudinem.

616 2509 632 2529 ὅ
662 2505 901 2545 Rackham:
933 2506 1161 2544 vivescere.

333 2586 420 2633 472
