1909 2998
571 203 813 249 PLINY:
877 203 1205 249 NATURAL
1249 202 1544 249 HISTORY

318 330 592 385 Coriolana,
642 331 837 376 Bruttia
886 330 1183 392 gentilitatis
1230 330 1420 386 causa,1
1466 330 1790 385 cucurbitina,

235 406 287 442 56
320 397 512 443 acidula
544 400 659 442 suci.
727 400 917 442 incerta
949 399 1205 442 nominum
1236 413 1384 442 causa
1416 403 1493 442 est
1524 397 1791 442 barbaricis

233 735 285 775 57

234 1336 286 1373 58

319 464 542 510 Veneriis
575 463 740 525 quae2
770 463 989 509 colorata
1024 463 1214 518 dicunt,
1245 466 1394 525 regiis
1426 479 1554 524 quae
1587 465 1790 508 minimo

316 530 545 593 pediculo
565 530 770 585 sessilia,
788 532 1028 593 patriciis,
1049 532 1268 584 vocimis,
1290 529 1525 575 viridibus
1546 528 1792 591 oblongis-

319 613 430 658 que.
495 603 762 659 praeterea
809 596 938 642 dixit
985 595 1179 641 volema
1227 595 1473 658 Vergilius
1521 612 1550 640 a
1599 595 1790 641 Catone

318 670 534 725 sumpta,
558 666 641 725 qui
665 670 718 709 et
741 665 1019 708 sementiva
1043 670 1095 708 et
1118 669 1318 708 mustea
1340 665 1580 707 nominat.

383 729 546 775 XVII.
586 727 702 775 Pars
722 728 845 775 haec
865 732 997 774 vitae
1016 728 1314 791 iampridem
1330 731 1561 791 pervenit
1580 727 1644 774 ad
1660 726 1791 773 colu-

317 813 450 850 men,
468 799 686 859 expertis
703 802 882 841 cuncta
900 795 1197 850 hominibus,
1214 798 1397 857 quippe
1417 811 1530 840 cum
1546 793 1790 856 Vergilius

317 865 517 908 insitam
561 863 767 908 nucibus
812 863 1061 917 arbutum,
1105 861 1247 907 malis
1289 861 1567 924 platanum,
1609 863 1790 906 cerasis

318 929 505 975 ulmum
561 929 710 975 dicat.
778 945 870 974 nec
927 931 1194 990 quicquam
1251 928 1459 991 amplius
1517 929 1790 990 excogitari

315 1003 511 1058 potest:
555 995 743 1041 nullum
766 1003 904 1041 certe
927 1012 1132 1058 pomum
1156 1011 1338 1040 novum
1363 995 1449 1040 diu
1481 997 1582 1039 iam
1605 996 1793 1039 inveni-

317 1070 412 1108 tur.
480 1079 643 1124 neque
673 1065 838 1107 omnia
866 1065 1017 1107 insitu
1037 1061 1056 1091 ³
1091 1064 1286 1107 misceri
1316 1060 1389 1106 fas
1419 1067 1513 1116 est,
1542 1063 1670 1106 sicut
1699 1076 1792 1106 nec

317 1132 480 1191 spinas
524 1131 689 1183 inseri,
726 1128 925 1191 quando
967 1127 1200 1190 fulgura4
1235 1130 1424 1191 expiari
1465 1143 1564 1172 non
1600 1133 1792 1189 queunt

316 1194 459 1241 facile
477 1210 488 1249 ;
528 1202 749 1258 quotque
771 1211 959 1257 genera
980 1197 1129 1240 insita
1151 1193 1353 1249 fuerint,
1375 1200 1455 1240 tot
1476 1193 1671 1256 fulgura
1693 1209 1791 1239 uno

316 1264 420 1308 ictu
443 1262 548 1307 fieri
568 1265 934 1325 pronuntiatur.

381 1328 696 1374 Turbinatior
717 1331 835 1391 piris
862 1328 1031 1390 figura.
1099 1330 1149 1372 in
1173 1330 1230 1373 iis
1250 1329 1469 1372 serotina
1489 1325 1553 1380 ad
1571 1325 1790 1371 hiemem

318 1411 474 1457 usque
500 1398 551 1440 in
577 1402 738 1441 matre
763 1395 992 1458 pendent
1018 1393 1136 1456 gelu
1162 1395 1554 1439 maturescentia
1581 1392 1791 1447 Graeca,

319 1461 643 1524 ampullacea,
683 1461 870 1517 laurea,
910 1464 1038 1506 sicut
1077 1463 1128 1505 in
1167 1459 1308 1505 malis
1348 1460 1604 1513 Amerina,
1645 1457 1792 1504 Scau-

318 1528 481 1574 diana.
549 1528 830 1574 conduntur
874 1544 990 1573 vero
1032 1530 1142 1591 pira
1186 1533 1242 1572 ut
1287 1542 1430 1581 uvae,
1476 1542 1532 1571 ac
1576 1525 1792 1571 totidem

317 1594 494 1649 modiS‚
536 1611 700 1656 neque
749 1594 883 1640 aliud
937 1597 988 1639 in
1043 1593 1178 1639 cadis
1220 1600 1574 1655 praeterquam
1614 1607 1789 1654 pruna.

318 1676 347 1707 6
369 1661 558 1724 pomis⁵
575 1664 853 1724 proprietas
875 1663 993 1724 piris
1020 1676 1148 1722 quae
1164 1659 1183 1688 ⁶
1205 1659 1367 1715 vinis,⁷
1392 1658 1718 1721 similiterque
1743 1661 1792 1703 in

712 1789 725 1812 1
757 1801 885 1826 causa
904 1786 997 1826 add.
1021 1786 1245 1826 Rackham.

710 1842 725 1865 ²
755 1840 975 1892 Maykoff:
1009 1853 1104 1890 que.

711 1896 726 1918 ³
755 1894 1008 1933 Hardouin:
1039 1894 1182 1933 insita.

711 1949 726 1971 ⁴
764 1948 840 1988 VJ.
862 1948 1093 1998 fulgurata.

712 2002 726 2024 ⁵
758 2001 955 2052 Mayhoff
970 2017 978 2040 ε
1009 2013 1186 2051 prunae.
1244 2000 1398 2051 pomis.

712 2056 726 2078 ⁶
758 2054 977 2106 Mayhoff:
1011 2067 1106 2104 que.

716 2110 730 2132 ⁷
761 2108 1001 2147 Rackham:
1033 2107 1137 2146 vini.

378 2317 395 2335 ‘¹
425 2312 550 2351 Some
572 2311 733 2350 editors
757 2310 868 2349 have
891 2309 1052 2348 altered
1072 2309 1147 2349 1116
1172 2309 1389 2348 unknown
1410 2308 1525 2347 word
1553 2307 1727 2347 vocimis
1745 2312 1792 2346 1ο

326 2365 528 2411 moeniis,
552 2365 725 2415 naming
745 2364 820 2403 the
842 2376 943 2414 pear
964 2363 1074 2402 after
1095 2376 1120 2401 a
1141 2362 1307 2412 family.

377 2418 392 2442 ¹²
420 2418 523 2456 This
545 2417 856 2457 identifieation
877 2418 913 2455 is
935 2415 1153 2462 doubtful,
1178 2416 1257 2454 but
1282 2416 1317 2454 11
1339 2428 1425 2454 was
1448 2427 1473 2454 a
1494 2414 1609 2466 large
1631 2427 1744 2465 pear,
1767 2426 1791 2451 a

321 2472 329 2487 ‘
350 2470 529 2510 handful
547 2471 557 2487 '
586 2470 706 2519 (vola,
735 2470 811 2509 the
839 2470 992 2509 hollow
1022 2469 1070 2508 of
1093 2469 1168 2508 1116
1196 2469 1311 2507 hand
1341 2481 1388 2507 or
1414 2468 1489 2507 the
1517 2467 1617 2507 arch
1647 2467 1695 2506 of
1718 2467 1792 2506 the

319 2526 423 2570 foot,
446 2524 497 2563 cf.
519 2523 599 2564 XI.
620 2526 740 2573 204);
775 2536 843 2563 see
863 2524 970 2564 Cato
990 2523 1094 2562 KR.
1117 2522 1213 2563 VII.
1236 2525 1274 2569 3,
1297 2523 1411 2573 Virg.
1432 2522 1569 2572 Georq.
1591 2519 1650 2560 II.
1671 2521 1736 2560 88.

324 2604 411 2661 326
