1909 2998
260 1656 312 1694 86

600 168 843 213 PLINY:
907 167 1235 213 NATURAL
1280 165 1576 212 HISTORY

348 311 510 355 neque
560 297 770 339 interest
821 296 1061 338 maturius
1110 295 1434 354 germinasse,
1483 298 1660 353 utpote
1710 308 1822 337 curn

348 384 594 445 quaedam
651 386 841 446 primae
898 385 1184 444 germinent
1241 388 1293 427 et
1349 385 1482 427 inter
1538 384 1823 427 novissimas

347 473 616 528 nudentur,
637 479 691 518 ut
710 472 1026 535 amygdalae,
1045 471 1242 526 fraxini,
1261 472 1448 526 sabuci,
1466 487 1631 516 morus
1651 477 1823 517 autem

346 566 609 608 novissima
667 566 933 625 germinet,
992 578 1105 607 cum
1161 564 1332 625 primis
1391 560 1508 606 folia
1566 560 1821 607 demittat.

347 668 529 716 magna
566 659 619 698 et
654 655 705 697 in
742 651 833 697 hoc
873 655 941 697 vis
978 651 1094 697 soli:
1147 654 1282 715 prius
1320 650 1558 697 decidunt
1599 653 1650 696 in
1686 653 1824 697 siccis

346 747 640 806 macrisque,
658 750 710 789 et
727 750 956 789 vetustae
973 746 1107 806 prius
1126 743 1304 798 arbori,
1322 742 1490 788 multis
1509 745 1663 788 etiam
1684 750 1824 789 ante-

346 851 496 896 quam
514 841 818 879 maturescat
836 833 1042 888 fructus,
1060 840 1116 878 ut
1133 836 1384 879 serotinae
1403 832 1496 878 fico
1514 839 1566 878 et
1582 831 1823 879 hibernae

344 927 451 987 piro
476 931 528 970 et
552 923 699 980 malo,
722 931 1090 987 granatumque
1116 930 1193 969 est
1215 940 1422 987 pomum
1444 930 1647 969 tantum
1671 926 1823 987 aspici

345 1018 395 1060 in
431 1021 608 1061 matre.
676 1031 840 1076 neque
878 1013 952 1059 his
991 1021 1163 1060 autem
1200 1030 1329 1076 quae
1367 1030 1566 1077 semper
1601 1016 1825 1060 retinent

344 1121 510 1151 comas
537 1105 716 1151 eadem
741 1103 859 1150 folia
885 1104 1068 1150 durant
1094 1105 1510 1151 subnascentibus
1537 1104 1671 1159 aliis;
1713 1111 1823 1150 tum

346 1202 577 1241 arescunt
598 1203 788 1250 vetera,
813 1195 945 1257 quod
969 1198 1137 1241 evenit
1159 1198 1288 1241 circa
1311 1194 1524 1241 solstitia
1546 1198 1779 1241 maxime.

398 1286 604 1332 XXXV.
646 1286 893 1331 Foliorum
919 1289 1083 1332 unitas
1108 1289 1159 1331 in
1184 1303 1272 1332 suo
1297 1289 1475 1348 cuique
1501 1302 1687 1349 genere
1711 1302 1822 1349 per-

344 1384 533 1432 manet,
556 1383 912 1440 praeterquam
941 1376 1143 1439 populo,
1173 1375 1410 1432 hederae,
1435 1379 1624 1422 crotoni
1651 1376 1822 1439 (quam

344 1475 397 1514 et
421 1470 507 1513 cici
534 1467 748 1513 diximus
785 1468 981 1528 vocari).
1048 1467 1219 1530 populi
1255 1470 1353 1513 tria
1387 1483 1592 1530 genera,
1617 1467 1729 1513 alba
1767 1483 1823 1513 ac

343 1562 484 1621 nigra
529 1566 581 1604 et
626 1574 754 1620 quae
800 1558 989 1620 Libyca
1033 1557 1314 1620 appellatur
1357 1560 1563 1603 minima
1605 1556 1722 1603 folio
1767 1574 1824 1604 ac

345 1651 611 1711 nigerrima
637 1647 900 1710 fungisque
928 1648 1280 1694 enascentibus
1304 1647 1661 1694 laudatissima.
1711 1647 1824 1694 alba

343 1738 459 1784 folio
483 1738 682 1793 bicolor,
708 1755 921 1801 superne
947 1738 1213 1784 candicans
1237 1737 1470 1784 inferiore
1493 1745 1638 1802 parte
1664 1738 1820 1784 viridi.

343 1828 455 1874 huic
510 1832 783 1891 nigraeque
840 1835 892 1874 et
947 1832 1137 1874 crotoni
1192 1831 1243 1873 in
1296 1831 1501 1874 iuventa
1555 1831 1823 1875 circinatae

342 1919 665 1964 rotunditatis
706 1926 838 1973 sunt,
877 1922 1150 1964 vetustiora
1189 1921 1240 1963 in
1281 1918 1486 1981 angulos
1525 1926 1741 1973 exeunt3
1796 1936 1822 1965 e

342 2013 587 2055 contrario
655 2007 872 2054 hederae
943 2009 1182 2071 angulosa
1249 2009 1598 2055 rotundantur.
1665 2026 1822 2072 popu-

341 2099 500 2145 lorum
542 2097 668 2144 foliis
711 2099 1039 2161 grandissima
1081 2099 1264 2161 lanugo
1308 2099 1472 2145 evolat
1513 2099 1727 2144 candida
1770 2106 1822 2145 et

342 2189 552 2242 radiata,
578 2187 693 2233 folio
720 2192 1055 2234 numerosiore
1090 2188 1356 2234 candicant
1390 2195 1446 2235 ut
1466 2188 1484 2217 1
1511 2188 1646 2234 villi.2
1705 2187 1819 2234 folia

343 2282 563 2341 granatis
589 2285 640 2324 et
665 2279 941 2341 amygdalis
966 2279 1214 2324 rubentia.

764 2427 778 2450 1
810 2426 1027 2477 Illayhosf:
1060 2426 1242 2465 candida
1262 2431 1305 2466 et
1325 2431 1388 2467 ut.

759 2480 772 2502 ²
808 2480 936 2518 [Λώτ
969 2479 1107 2518 villae.

342 2570 428 2611 442
