1909 2998
585 235 830 282 PLINY:
896 235 1226 282 NATURAL
1270 234 1566 282 HISTORY

332 379 492 408 usum.
562 365 613 407 in
646 361 926 426 palmarum
959 361 1087 407 foliis
1118 364 1280 425 primo
1309 363 1665 425 scriptitatum,
1697 360 1813 408 dein

333 428 645 491 quarundam
693 429 925 474 arborum
970 428 1125 483 libris,
1170 435 1350 491 postea
1393 428 1597 492 publica
1641 445 1814 474 monu-

332 502 507 541 menta
533 495 782 558 plumbeis
813 495 1161 550 voluminibus,
1191 511 1308 540 mox
1338 500 1392 540 et
1419 497 1616 558 privata
1645 495 1813 541 linteis

329 561 505 607 confici
549 568 731 624 coepta
777 568 865 607 aut
909 564 1062 607 ceris:
1125 561 1442 624 pugillarium
1491 564 1624 607 enim
1670 577 1814 607 usum

331 627 481 673 fuisse
515 631 671 673 etiam
705 635 823 674 ante
856 627 1070 673 Troiana
1101 634 1334 691 tempora
1366 630 1644 673 invenimus
1677 627 1810 690 apud

333 694 626 749 Homerum,
672 694 755 740 illo
802 711 919 740 vero
964 694 1215 758 prodente
1262 710 1327 739 ne
1373 700 1562 739 terram
1609 694 1814 756 quidem

331 763 506 822 ipsam,
564 777 693 823 quae
740 777 871 806 nunc
917 761 1184 824 Aegyptus
1230 759 1560 823 intellegitur,
1606 777 1720 806 cum
1764 763 1814 806 in

331 826 670 889 Sebennytico
690 834 743 873 et
763 826 947 874 Saitico
967 830 1125 873 nornis
1143 827 1163 855 1
1181 825 1355 872 charta
1370 833 1620 882 nascatur,
1638 833 1815 890 postea

248 899 298 938 70
332 893 694 956 adaggeratam
734 893 864 950 Nilo,
900 893 1149 955 siquidem
1190 910 1219 938 a
1262 891 1423 938 Pharo
1464 892 1642 948 insula,
1684 909 1814 955 quae

331 976 462 1005 nunc
506 959 845 1006 Alexandriae
899 968 1055 1023 ponte
1111 962 1351 1022 iungitur,
1400 963 1559 1005 noctis
1613 960 1814 1022 dieique

334 1026 526 1072 velifico
551 1029 736 1090 navigii
759 1043 905 1073 cursu
940 1034 1128 1072 terram
1166 1025 1349 1072 afuisse
1375 1026 1613 1090 prodidit.
1681 1043 1814 1079 mox,

333 1092 673 1139 aemulatione
709 1096 840 1139 circa
874 1092 1205 1139 bibliothecas
1240 1109 1416 1156 regum
1454 1090 1732 1139 Ptolemaei
1762 1100 1814 1139 et

331 1159 589 1212 Eumenis,
606 1163 952 1222 supprimente
970 1159 1167 1205 chartas
1183 1157 1492 1212 Ptolemaeo,
1508 1159 1643 1205 idem
1658 1159 1814 1205 Varro

331 1226 648 1272 membranas
697 1225 928 1289 Pergami
975 1226 1132 1272 tradit
1174 1233 1430 1289 repertas;
1481 1233 1661 1289 postea
1701 1242 1815 1289 pro·

331 1295 519 1338 miscue
566 1296 734 1355 patuit
782 1309 897 1339 usus
944 1296 1018 1339 rei
1066 1309 1165 1355 qua
1210 1299 1410 1339 constat
1464 1292 1813 1339 immortalitas

331 1357 604 1404 hominum.

247 1431 293 1470 71
382 1424 549 1471 XXII.
581 1423 833 1488 Papyrum
847 1441 966 1488 ergo
979 1427 1200 1470 nascitur
1211 1427 1262 1470 in
1272 1423 1577 1488 palustribus
1590 1424 1814 1488 Aegypti

332 1498 420 1537 aut
436 1492 809 1553 quiescentibus
826 1491 925 1537 Nili
942 1495 1081 1553 aquis
1098 1492 1183 1537 ubi
1200 1498 1444 1554 evagatae
1461 1497 1700 1553 stagnant
1715 1491 1814 1537 duo

330 1558 502 1603 cubita
525 1574 624 1603 non
649 1558 932 1604 excedente
957 1558 1225 1604 altitudine
1249 1560 1525 1621 gurgitum,
1547 1556 1814 1603 bracchiali

330 1624 510 1670 radicis
562 1624 793 1687 obliquae
845 1624 1193 1680 crassitudine,
1244 1623 1506 1687 triangulis
1557 1623 1815 1680 lateribus,

330 1690 509 1736 decem
535 1707 634 1736 non
661 1691 872 1754 amplius
898 1692 1181 1737 cubitorum
1205 1690 1521 1753 longitudine
1546 1693 1598 1736 in
1623 1690 1816 1753 gracili-

329 1764 493 1803 tatem
527 1756 841 1820 fastigatum,
875 1757 1035 1821 thyrsi
1069 1757 1219 1803 modo
1266 1773 1507 1803 cacumen
1540 1756 1815 1813 includens,

332 1823 466 1869 nullo
500 1827 691 1870 semine
727 1832 815 1870 aut
850 1841 942 1870 usu
977 1828 1082 1870 eius
1117 1824 1213 1870 alio
1247 1840 1398 1887 quam
1432 1823 1563 1870 floris
1597 1823 1662 1869 ad
1693 1823 1814 1870 deos

248 1895 299 1933 72
332 1891 656 1936 coronandos.
724 1891 975 1937 radicibus
997 1890 1188 1937 incolae
1207 1907 1298 1954 pro
1318 1890 1454 1953 ligno
1475 1897 1703 1946 utuntur,
1722 1906 1814 1936 nec

332 1960 458 2018 ignis
503 1964 704 2003 tantum
749 1961 913 2020 gratia
957 1958 1047 2003 sed
1091 1957 1154 2003 ad
1199 1957 1295 2002 alia
1339 1973 1538 2019 quoque
1582 1956 1814 2003 utensilia

330 2039 559 2069 vasorum
577 2038 587 2077 3
628 2040 691 2070 ex
716 2027 825 2087 ipso
848 2024 1053 2086 quidem
1073 2041 1265 2088 papyro
1287 2027 1486 2086 navigia
1506 2030 1690 2070 texunt
1712 2030 1764 2069 et
1786 2039 1812 2069 e

431 2150 445 2173 ¹
482 2150 790 2200 Warminyton:
822 2150 941 2190 Saite
962 2151 1053 2189 eius
1072 2163 1203 2189 nomo
1223 2151 1364 2189 omnis
1385 2150 1578 2201 (sortasse
1597 2151 1727 2200 recte).

390 2351 408 2369 ⁰
436 2344 703 2394 Perqamem,
727 2345 993 2397 Περγαμηνή.

388 2398 403 2422 ⁶
431 2396 469 2435 A
497 2399 575 2436 rod
604 2399 766 2436 carried
796 2399 853 2449 by
884 2398 1166 2449 worshippers
1195 2398 1244 2438 of
1269 2398 1478 2446 Bacchus,
1507 2398 1671 2450 topped
1699 2399 1759 2450 by
1786 2412 1812 2438 a

333 2450 507 2490 fir-cone
527 2464 574 2490 or
593 2465 618 2489 a
640 2451 795 2490 cluster
816 2451 864 2490 of
878 2464 1029 2503 grapes
1050 2466 1098 2491 or
1118 2453 1208 2503 figs.

387 2511 400 2528 ⁶
428 2504 486 2543 As
521 2517 546 2542 a
580 2510 740 2544 matter
774 2505 824 2545 of
851 2505 942 2545 fact
982 2506 1016 2545 it
1055 2505 1133 2545 has
1167 2518 1194 2544 a
1221 2505 1336 2552 seed,
1372 2505 1537 2556 though
1568 2511 1645 2545 not
1678 2505 1811 2557 easily

336 2557 610 2609 perceptible.

334 2648 419 2688 140
