<?xml version="1.0" encoding="UTF-8"?>
<!DOCTYPE html PUBLIC "-//W3C//DTD XHTML 1.0 Transitional//EN"
    "http://www.w3.org/TR/xhtml1/DTD/xhtml1-transitional.dtd">
<html xmlns="http://www.w3.org/1999/xhtml" xml:lang="en" lang="en">
 <head>
  <title>
</title>
<meta http-equiv="Content-Type" content="text/html;charset=utf-8" />
  <meta name='ocr-system' content='tesseract 3.04.00' />
  <meta name='ocr-capabilities' content='ocr_page ocr_carea ocr_par ocr_line ocrx_word'/>
</head>
<body>
  <div class='ocr_page' id='page_1' title='image "./naturalhistory04plinuoft/naturalhistory04plinuoft_0050.png"; bbox 0 0 1909 2998; ppageno 0'>
   <div class='ocr_carea' id='block_1_1' title="bbox 211 709 264 747">
    <p class='ocr_par' dir='ltr' id='par_1_1' title="bbox 211 709 264 747">
     <span class='ocr_line' id='line_1_1' title="bbox 211 709 264 747; baseline -0.019 0"><span class='ocrx_word' id='word_1_1' title='bbox 211 709 264 747; x_wconf 83' lang='lat'><strong>54</strong></span> 
     </span>
    </p>
   </div>
   <div class='ocr_carea' id='block_1_2' title="bbox 212 1834 263 1871">
    <p class='ocr_par' dir='ltr' id='par_1_2' title="bbox 212 1834 263 1871">
     <span class='ocr_line' id='line_1_2' title="bbox 212 1834 263 1871; baseline -0.02 0"><span class='ocrx_word' id='word_1_2' title='bbox 212 1834 263 1871; x_wconf 91' lang='grc'><strong>55</strong></span> 
     </span>
    </p>
   </div>
   <div class='ocr_carea' id='block_1_3' title="bbox 210 2301 263 2339">
    <p class='ocr_par' dir='ltr' id='par_1_3' title="bbox 210 2301 263 2339">
     <span class='ocr_line' id='line_1_3' title="bbox 210 2301 263 2339; baseline -0.019 0"><span class='ocrx_word' id='word_1_3' title='bbox 210 2301 263 2339; x_wconf 87' lang='grc'><strong>56</strong></span> 
     </span>
    </p>
   </div>
   <div class='ocr_carea' id='block_1_4' title="bbox 544 198 1523 246">
    <p class='ocr_par' dir='ltr' id='par_1_4' title="bbox 544 198 1523 246">
     <span class='ocr_line' id='line_1_4' title="bbox 544 198 1523 246; baseline -0.003 0"><span class='ocrx_word' id='word_1_4' title='bbox 544 200 788 246; x_wconf 87' lang='lat' dir='ltr'>PLINY:</span> <span class='ocrx_word' id='word_1_5' title='bbox 852 198 1182 245; x_wconf 88' lang='lat' dir='ltr'><strong>NATURAL</strong></span> <span class='ocrx_word' id='word_1_6' title='bbox 1225 198 1523 245; x_wconf 88' lang='lat' dir='ltr'>HISTORY</span> 
     </span>
    </p>
   </div>
   <div class='ocr_carea' id='block_1_5' title="bbox 293 324 1776 2254">
    <p class='ocr_par' dir='ltr' id='par_1_5' title="bbox 294 324 1776 1794">
     <span class='ocr_line' id='line_1_5' title="bbox 296 324 1772 389; baseline -0.002 -16"><span class='ocrx_word' id='word_1_7' title='bbox 296 330 416 373; x_wconf 92' lang='lat' dir='ltr'><strong>eius.</strong></span> <span class='ocrx_word' id='word_1_8' title='bbox 485 326 727 373; x_wconf 83' lang='lat' dir='ltr'>schoenus</span> <span class='ocrx_word' id='word_1_9' title='bbox 776 332 923 389; x_wconf 91' lang='lat' dir='ltr'><strong>patet</strong></span> <span class='ocrx_word' id='word_1_10' title='bbox 972 324 1319 371; x_wconf 78' lang='lat' dir='ltr'><strong>Eratosthenis</strong></span> <span class='ocrx_word' id='word_1_11' title='bbox 1368 327 1562 371; x_wconf 87' lang='lat' dir='ltr'><strong>ratione</strong></span> <span class='ocrx_word' id='word_1_12' title='bbox 1611 324 1772 372; x_wconf 79' lang='lat' dir='ltr'><strong>stadia</strong></span> 
     </span>
     <span class='ocr_line' id='line_1_6' title="bbox 294 417 1774 483; baseline -0.001 -17"><span class='ocrx_word' id='word_1_13' title='bbox 294 436 370 476; x_wconf 83' lang='lat' dir='ltr'><strong>XL,</strong></span> <span class='ocrx_word' id='word_1_14' title='bbox 408 420 500 466; x_wconf 91' lang='lat' dir='ltr'><strong>hoc</strong></span> <span class='ocrx_word' id='word_1_15' title='bbox 539 427 615 466; x_wconf 86' lang='lat' dir='ltr'><strong>est</strong></span> <span class='ocrx_word' id='word_1_16' title='bbox 649 438 697 483; x_wconf 91' lang='lat' dir='ltr'><strong>p.</strong></span> <span class='ocrx_word' id='word_1_17' title='bbox 718 426 769 475; x_wconf 57' lang='lat' dir='ltr'><strong>V,</strong></span> <span class='ocrx_word' id='word_1_18' title='bbox 807 419 957 482; x_wconf 79' lang='lat' dir='ltr'><strong>aliqui</strong></span> <span class='ocrx_word' id='word_1_19' title='bbox 996 435 1131 465; x_wconf 81' lang='lat' dir='ltr'><strong>xxxn</strong></span> <span class='ocrx_word' id='word_1_20' title='bbox 1170 418 1334 465; x_wconf 83' lang='lat' dir='ltr'><strong>stadia</strong></span> <span class='ocrx_word' id='word_1_21' title='bbox 1365 417 1570 481; x_wconf 88' lang='lat' dir='ltr'><strong>singulis</strong></span> <span class='ocrx_word' id='word_1_22' title='bbox 1604 417 1774 465; x_wconf 87' lang='lat' dir='ltr'><strong>schoe-</strong></span> 
     </span>
     <span class='ocr_line' id='line_1_7' title="bbox 294 511 1774 574; baseline 0 -15"><span class='ocrx_word' id='word_1_23' title='bbox 294 517 369 560; x_wconf 92' lang='lat' dir='ltr'><strong>nis</strong></span> <span class='ocrx_word' id='word_1_24' title='bbox 398 514 600 560; x_wconf 79' lang='lat' dir='ltr'><strong>dedere.</strong></span> <span class='ocrx_word' id='word_1_25' title='bbox 669 513 968 560; x_wconf 86' lang='lat' dir='ltr'><strong>attolluntur</strong></span> <span class='ocrx_word' id='word_1_26' title='bbox 997 511 1146 558; x_wconf 90' lang='lat' dir='ltr'><strong>colles</strong></span> <span class='ocrx_word' id='word_1_27' title='bbox 1179 512 1286 567; x_wconf 91' lang='lat' dir='ltr'><strong>alti,</strong></span> <span class='ocrx_word' id='word_1_28' title='bbox 1317 511 1690 574; x_wconf 80' lang='lat' dir='ltr'><strong>decurruntque</strong></span> <span class='ocrx_word' id='word_1_29' title='bbox 1721 519 1774 559; x_wconf 90' lang='lat' dir='ltr'><strong>et</strong></span> 
     </span>
     <span class='ocr_line' id='line_1_8' title="bbox 294 605 1774 670; baseline -0.001 -18"><span class='ocrx_word' id='word_1_30' title='bbox 294 610 345 653; x_wconf 92' lang='lat' dir='ltr'><strong>in</strong></span> <span class='ocrx_word' id='word_1_31' title='bbox 381 607 532 670; x_wconf 89' lang='lat' dir='ltr'><strong>plana</strong></span> <span class='ocrx_word' id='word_1_32' title='bbox 571 608 770 652; x_wconf 90' lang='lat' dir='ltr'><strong>arbores</strong></span> <span class='ocrx_word' id='word_1_33' title='bbox 810 613 988 670; x_wconf 86' lang='lat' dir='ltr'><strong>sponte</strong></span> <span class='ocrx_word' id='word_1_34' title='bbox 1029 612 1194 652; x_wconf 86' lang='lat' dir='ltr'><strong>natae.</strong></span> <span class='ocrx_word' id='word_1_35' title='bbox 1263 612 1452 651; x_wconf 87' lang='lat' dir='ltr'><strong>terram</strong></span> <span class='ocrx_word' id='word_1_36' title='bbox 1491 605 1774 668; x_wconf 85' lang='lat' dir='ltr'><strong>argillosam</strong></span> 
     </span>
     <span class='ocr_line' id='line_1_9' title="bbox 295 698 1774 762; baseline 0 -16"><span class='ocrx_word' id='word_1_37' title='bbox 295 717 403 746; x_wconf 92' lang='lat' dir='ltr'><strong>esse</strong></span> <span class='ocrx_word' id='word_1_38' title='bbox 424 703 673 756; x_wconf 85' lang='lat' dir='ltr'><strong>convenit,</strong></span> <span class='ocrx_word' id='word_1_39' title='bbox 695 703 815 745; x_wconf 92' lang='lat' dir='ltr'><strong>raris</strong></span> <span class='ocrx_word' id='word_1_40' title='bbox 836 698 1058 746; x_wconf 87' lang='lat' dir='ltr'><strong>fontibus</strong></span> <span class='ocrx_word' id='word_1_41' title='bbox 1080 715 1136 745; x_wconf 87' lang='lat' dir='ltr'><strong>ac</strong></span> <span class='ocrx_word' id='word_1_42' title='bbox 1157 702 1371 745; x_wconf 79' lang='lat' dir='ltr'><strong>nitrosis.</strong></span> <span class='ocrx_word' id='word_1_43' title='bbox 1440 701 1701 762; x_wconf 87' lang='lat' dir='ltr'><strong>attingunt</strong></span> <span class='ocrx_word' id='word_1_44' title='bbox 1722 706 1774 746; x_wconf 87' lang='lat' dir='ltr'><strong>et</strong></span> 
     </span>
     <span class='ocr_line' id='line_1_10' title="bbox 298 792 1775 857; baseline 0.001 -19"><span class='ocrx_word' id='word_1_45' title='bbox 298 793 508 849; x_wconf 84' lang='lat' dir='ltr'><strong>Minaei,</strong></span> <span class='ocrx_word' id='word_1_46' title='bbox 542 811 701 857; x_wconf 84' lang='lat' dir='ltr'><strong>pagus</strong></span> <span class='ocrx_word' id='word_1_47' title='bbox 749 793 890 848; x_wconf 82' lang='lat' dir='ltr'><strong>alius,</strong></span> <span class='ocrx_word' id='word_1_48' title='bbox 924 810 1015 856; x_wconf 87' lang='lat' dir='ltr'><strong>per</strong></span> <span class='ocrx_word' id='word_1_49' title='bbox 1067 810 1189 855; x_wconf 92' lang='lat' dir='ltr'><strong>quos</strong></span> <span class='ocrx_word' id='word_1_50' title='bbox 1237 792 1467 839; x_wconf 88' lang='lat' dir='ltr'><strong>evehitur</strong></span> <span class='ocrx_word' id='word_1_51' title='bbox 1513 799 1595 839; x_wconf 88' lang='lat' dir='ltr'><strong>tus</strong></span> <span class='ocrx_word' id='word_1_52' title='bbox 1614 792 1634 822; x_wconf 79' lang='lat'>¹</span> <span class='ocrx_word' id='word_1_53' title='bbox 1675 810 1775 839; x_wconf 91' lang='lat' dir='ltr'><strong>uno</strong></span> 
     </span>
     <span class='ocr_line' id='line_1_11' title="bbox 294 885 1774 950; baseline 0 -17"><span class='ocrx_word' id='word_1_54' title='bbox 294 891 498 933; x_wconf 83' lang='lat' dir='ltr'><strong>tramite</strong></span> <span class='ocrx_word' id='word_1_55' title='bbox 527 895 755 950; x_wconf 89' lang='lat' dir='ltr'><strong>angusto.</strong></span> <span class='ocrx_word' id='word_1_56' title='bbox 823 886 874 931; x_wconf 91' lang='lat' dir='ltr'><strong>hi</strong></span> <span class='ocrx_word' id='word_1_57' title='bbox 901 889 1047 950; x_wconf 91' lang='lat' dir='ltr'><strong>primi</strong></span> <span class='ocrx_word' id='word_1_58' title='bbox 1075 889 1429 933; x_wconf 85' lang='lat' dir='ltr'><strong>commercium</strong></span> <span class='ocrx_word' id='word_1_59' title='bbox 1457 889 1580 932; x_wconf 89' lang='lat' dir='ltr'><strong>turis</strong></span> <span class='ocrx_word' id='word_1_60' title='bbox 1608 885 1774 933; x_wconf 91' lang='lat' dir='ltr'><strong>fecere</strong></span> 
     </span>
     <span class='ocr_line' id='line_1_12' title="bbox 294 979 1774 1043; baseline 0.001 -17"><span class='ocrx_word' id='word_1_61' title='bbox 294 984 613 1043; x_wconf 83' lang='lat' dir='ltr'><strong>maximeque</strong></span> <span class='ocrx_word' id='word_1_62' title='bbox 645 988 902 1036; x_wconf 80' lang='lat' dir='ltr'><strong>exercent,</strong></span> <span class='ocrx_word' id='word_1_63' title='bbox 933 997 962 1026; x_wconf 92' lang='lat' dir='ltr'><strong>a</strong></span> <span class='ocrx_word' id='word_1_64' title='bbox 993 981 1172 1043; x_wconf 90' lang='lat' dir='ltr'><strong>quibus</strong></span> <span class='ocrx_word' id='word_1_65' title='bbox 1204 987 1256 1026; x_wconf 93' lang='lat' dir='ltr'><strong>et</strong></span> <span class='ocrx_word' id='word_1_66' title='bbox 1290 979 1553 1026; x_wconf 84' lang='lat' dir='ltr'><strong>Minaeum</strong></span> <span class='ocrx_word' id='word_1_67' title='bbox 1582 979 1774 1027; x_wconf 85' lang='lat' dir='ltr'><strong>dictum</strong></span> 
     </span>
     <span class='ocr_line' id='line_1_13' title="bbox 297 1073 1775 1138; baseline 0.001 -18"><span class='ocrx_word' id='word_1_68' title='bbox 297 1083 401 1120; x_wconf 85' lang='lat' dir='ltr'><strong>est:</strong></span> <span class='ocrx_word' id='word_1_69' title='bbox 440 1092 532 1120; x_wconf 87' lang='lat' dir='ltr'><strong>nec</strong></span> <span class='ocrx_word' id='word_1_70' title='bbox 559 1082 825 1138; x_wconf 89' lang='lat' dir='ltr'><strong>praeterea</strong></span> <span class='ocrx_word' id='word_1_71' title='bbox 850 1075 1075 1120; x_wconf 84' lang='lat' dir='ltr'><strong>Arabum</strong></span> <span class='ocrx_word' id='word_1_72' title='bbox 1107 1073 1190 1120; x_wconf 84' lang='lat' dir='ltr'><strong>alii</strong></span> <span class='ocrx_word' id='word_1_73' title='bbox 1223 1077 1348 1120; x_wconf 84' lang='lat' dir='ltr'><strong>turis</strong></span> <span class='ocrx_word' id='word_1_74' title='bbox 1385 1074 1614 1120; x_wconf 85' lang='lat' dir='ltr'><strong>arborem</strong></span> <span class='ocrx_word' id='word_1_75' title='bbox 1638 1074 1775 1121; x_wconf 90' lang='lat' dir='ltr'><strong>vide-</strong></span> 
     </span>
     <span class='ocr_line' id='line_1_14' title="bbox 294 1166 1775 1231; baseline -0.001 -16"><span class='ocrx_word' id='word_1_76' title='bbox 294 1169 451 1224; x_wconf 81' lang='lat' dir='ltr'><strong>runt,²</strong></span> <span class='ocrx_word' id='word_1_77' title='bbox 476 1185 531 1214; x_wconf 89' lang='lat' dir='ltr'><strong>ac</strong></span> <span class='ocrx_word' id='word_1_78' title='bbox 557 1185 620 1214; x_wconf 91' lang='lat' dir='ltr'><strong>ne</strong></span> <span class='ocrx_word' id='word_1_79' title='bbox 649 1167 825 1214; x_wconf 87' lang='lat' dir='ltr'><strong>horum</strong></span> <span class='ocrx_word' id='word_1_80' title='bbox 851 1167 1054 1231; x_wconf 91' lang='lat' dir='ltr'><strong>quidem</strong></span> <span class='ocrx_word' id='word_1_81' title='bbox 1080 1184 1270 1223; x_wconf 88' lang='lat' dir='ltr'><strong>omnes,</strong></span> <span class='ocrx_word' id='word_1_82' title='bbox 1295 1166 1565 1230; x_wconf 90' lang='lat' dir='ltr'><strong>feruntque</strong></span> <span class='ocrx_word' id='word_1_83' title='bbox 1587 1178 1650 1216; x_wconf 71' lang='grc' dir='ltr'><strong>ῆῑ</strong></span> <span class='ocrx_word' id='word_1_84' title='bbox 1676 1185 1775 1214; x_wconf 90' lang='lat' dir='ltr'><strong>non</strong></span> 
     </span>
     <span class='ocr_line' id='line_1_15' title="bbox 296 1262 1775 1326; baseline 0.001 -18"><span class='ocrx_word' id='word_1_85' title='bbox 296 1262 506 1326; x_wconf 91' lang='lat' dir='ltr'><strong>amplius</strong></span> <span class='ocrx_word' id='word_1_86' title='bbox 533 1279 640 1309; x_wconf 91' lang='lat' dir='ltr'><strong>esse</strong></span> <span class='ocrx_word' id='word_1_87' title='bbox 667 1262 966 1308; x_wconf 84' lang='lat' dir='ltr'><strong>familiarum</strong></span> <span class='ocrx_word' id='word_1_88' title='bbox 993 1278 1122 1324; x_wconf 91' lang='lat' dir='ltr'><strong>quae</strong></span> <span class='ocrx_word' id='word_1_89' title='bbox 1147 1264 1222 1308; x_wconf 92' lang='lat' dir='ltr'><strong>ius</strong></span> <span class='ocrx_word' id='word_1_90' title='bbox 1246 1278 1338 1325; x_wconf 90' lang='lat' dir='ltr'><strong>per</strong></span> <span class='ocrx_word' id='word_1_91' title='bbox 1362 1264 1699 1308; x_wconf 89' lang='lat' dir='ltr'><strong>successiones</strong></span> <span class='ocrx_word' id='word_1_92' title='bbox 1723 1262 1775 1309; x_wconf 92' lang='lat' dir='ltr'><strong>id</strong></span> 
     </span>
     <span class='ocr_line' id='line_1_16' title="bbox 296 1354 1776 1419; baseline 0.001 -18"><span class='ocrx_word' id='word_1_93' title='bbox 296 1357 388 1402; x_wconf 85' lang='lat' dir='ltr'><strong>sibi</strong></span> <span class='ocrx_word' id='word_1_94' title='bbox 412 1355 684 1411; x_wconf 79' lang='lat' dir='ltr'><strong>vindicent,</strong></span> <span class='ocrx_word' id='word_1_95' title='bbox 709 1372 871 1402; x_wconf 80' lang='lat' dir='ltr'><strong>sacros</strong></span> <span class='ocrx_word' id='word_1_96' title='bbox 896 1357 1060 1401; x_wconf 85' lang='lat' dir='ltr'><strong>vocari</strong></span> <span class='ocrx_word' id='word_1_97' title='bbox 1085 1356 1148 1401; x_wconf 94' lang='lat' dir='ltr'><strong>ob</strong></span> <span class='ocrx_word' id='word_1_98' title='bbox 1173 1355 1241 1411; x_wconf 88' lang='lat' dir='ltr'><strong>id,</strong></span> <span class='ocrx_word' id='word_1_99' title='bbox 1267 1372 1360 1401; x_wconf 92' lang='lat' dir='ltr'><strong>nec</strong></span> <span class='ocrx_word' id='word_1_100' title='bbox 1385 1354 1483 1401; x_wconf 93' lang='lat' dir='ltr'><strong>ullo</strong></span> <span class='ocrx_word' id='word_1_101' title='bbox 1507 1372 1776 1419; x_wconf 88' lang='lat' dir='ltr'><strong>congressu</strong></span> 
     </span>
     <span class='ocr_line' id='line_1_17' title="bbox 294 1448 1774 1511; baseline 0.001 -17"><span class='ocrx_word' id='word_1_102' title='bbox 294 1448 593 1496; x_wconf 89' lang='lat' dir='ltr'><strong>feminarum</strong></span> <span class='ocrx_word' id='word_1_103' title='bbox 641 1449 990 1511; x_wconf 87' lang='lat' dir='ltr'><strong>funerumque,</strong></span> <span class='ocrx_word' id='word_1_104' title='bbox 1031 1465 1145 1495; x_wconf 88' lang='lat' dir='ltr'><strong>cum</strong></span> <span class='ocrx_word' id='word_1_105' title='bbox 1185 1448 1408 1495; x_wconf 87' lang='lat' dir='ltr'><strong>incidant</strong></span> <span class='ocrx_word' id='word_1_106' title='bbox 1450 1465 1534 1495; x_wconf 89' lang='lat' dir='ltr'><strong>eas</strong></span> <span class='ocrx_word' id='word_1_107' title='bbox 1575 1450 1774 1496; x_wconf 84' lang='lat' dir='ltr'><strong>arbores</strong></span> 
     </span>
     <span class='ocr_line' id='line_1_18' title="bbox 296 1542 1772 1606; baseline -0.001 -17"><span class='ocrx_word' id='word_1_108' title='bbox 296 1551 353 1589; x_wconf 89' lang='lat' dir='ltr'><strong>ut</strong></span> <span class='ocrx_word' id='word_1_109' title='bbox 367 1544 387 1573; x_wconf 85' lang='grc'><strong>3</strong></span> <span class='ocrx_word' id='word_1_110' title='bbox 408 1550 623 1598; x_wconf 86' lang='lat' dir='ltr'><strong>metant,</strong></span> <span class='ocrx_word' id='word_1_111' title='bbox 644 1543 814 1606; x_wconf 86' lang='lat' dir='ltr'><strong>pollui,</strong></span> <span class='ocrx_word' id='word_1_112' title='bbox 832 1550 985 1605; x_wconf 90' lang='lat' dir='ltr'><strong>atque</strong></span> <span class='ocrx_word' id='word_1_113' title='bbox 1008 1545 1081 1588; x_wconf 88' lang='lat' dir='ltr'><strong>ita</strong></span> <span class='ocrx_word' id='word_1_114' title='bbox 1102 1542 1345 1606; x_wconf 84' lang='lat' dir='ltr'><strong>religione</strong></span> <span class='ocrx_word' id='word_1_115' title='bbox 1368 1559 1561 1589; x_wconf 91' lang='lat' dir='ltr'><strong>merces</strong></span> <span class='ocrx_word' id='word_1_116' title='bbox 1585 1546 1772 1606; x_wconf 86' lang='lat' dir='ltr'><strong>augeri.</strong></span> 
     </span>
     <span class='ocr_line' id='line_1_19' title="bbox 295 1635 1774 1702; baseline -0.001 -19"><span class='ocrx_word' id='word_1_117' title='bbox 295 1637 499 1700; x_wconf 90' lang='lat' dir='ltr'><strong>quidam</strong></span> <span class='ocrx_word' id='word_1_118' title='bbox 532 1640 868 1700; x_wconf 90' lang='lat' dir='ltr'><strong>promiscuum</strong></span> <span class='ocrx_word' id='word_1_119' title='bbox 899 1644 980 1683; x_wconf 92' lang='lat' dir='ltr'><strong>tus</strong></span> <span class='ocrx_word' id='word_1_120' title='bbox 1016 1639 1074 1682; x_wconf 90' lang='lat' dir='ltr'><strong>iis</strong></span> <span class='ocrx_word' id='word_1_121' title='bbox 1109 1636 1304 1702; x_wconf 90' lang='lat' dir='ltr'><strong>populis</strong></span> <span class='ocrx_word' id='word_1_122' title='bbox 1342 1653 1450 1683; x_wconf 86' lang='lat' dir='ltr'><strong>esse</strong></span> <span class='ocrx_word' id='word_1_123' title='bbox 1487 1635 1696 1683; x_wconf 84' lang='lat' dir='ltr'><strong>tradunt</strong></span> <span class='ocrx_word' id='word_1_124' title='bbox 1723 1639 1774 1682; x_wconf 90' lang='lat' dir='ltr'><strong>in</strong></span> 
     </span>
     <span class='ocr_line' id='line_1_20' title="bbox 295 1730 1269 1794; baseline 0 -18"><span class='ocrx_word' id='word_1_125' title='bbox 295 1732 442 1786; x_wconf 89' lang='lat' dir='ltr'><strong>silvis,</strong></span> <span class='ocrx_word' id='word_1_126' title='bbox 467 1731 548 1776; x_wconf 92' lang='lat' dir='ltr'><strong>alii</strong></span> <span class='ocrx_word' id='word_1_127' title='bbox 569 1747 659 1794; x_wconf 89' lang='lat' dir='ltr'><strong>per</strong></span> <span class='ocrx_word' id='word_1_128' title='bbox 681 1733 813 1777; x_wconf 88' lang='lat' dir='ltr'><strong>vices</strong></span> <span class='ocrx_word' id='word_1_129' title='bbox 837 1747 1078 1777; x_wconf 88' lang='lat' dir='ltr'><strong>annorum</strong></span> <span class='ocrx_word' id='word_1_130' title='bbox 1101 1730 1269 1777; x_wconf 87' lang='lat' dir='ltr'><strong>dividi.</strong></span> 
     </span>
    </p>

    <p class='ocr_par' dir='ltr' id='par_1_6' title="bbox 293 1823 1774 2254">
     <span class='ocr_line' id='line_1_21' title="bbox 358 1823 1771 1888; baseline 0 -17"><span class='ocrx_word' id='word_1_131' title='bbox 358 1825 545 1871; x_wconf 89' lang='lat' dir='ltr'>XXXI.</span> <span class='ocrx_word' id='word_1_132' title='bbox 586 1824 691 1871; x_wconf 93' lang='lat' dir='ltr'><strong>Nec</strong></span> <span class='ocrx_word' id='word_1_133' title='bbox 721 1825 908 1870; x_wconf 88' lang='lat' dir='ltr'><strong>arboris</strong></span> <span class='ocrx_word' id='word_1_134' title='bbox 932 1827 1084 1888; x_wconf 90' lang='lat' dir='ltr'><strong>ipsius</strong></span> <span class='ocrx_word' id='word_1_135' title='bbox 1117 1841 1245 1887; x_wconf 90' lang='lat' dir='ltr'><strong>quae</strong></span> <span class='ocrx_word' id='word_1_136' title='bbox 1277 1827 1342 1871; x_wconf 91' lang='lat' dir='ltr'><strong>sit</strong></span> <span class='ocrx_word' id='word_1_137' title='bbox 1373 1823 1526 1871; x_wconf 89' lang='lat' dir='ltr'><strong>facies</strong></span> <span class='ocrx_word' id='word_1_138' title='bbox 1557 1832 1771 1871; x_wconf 86' lang='lat' dir='ltr'><strong>constat.</strong></span> 
     </span>
     <span class='ocr_line' id='line_1_22' title="bbox 295 1918 1773 1982; baseline -0.001 -17"><span class='ocrx_word' id='word_1_139' title='bbox 295 1936 372 1965; x_wconf 87' lang='lat' dir='ltr'><strong>res</strong></span> <span class='ocrx_word' id='word_1_140' title='bbox 402 1922 454 1964; x_wconf 95' lang='lat' dir='ltr'><strong>in</strong></span> <span class='ocrx_word' id='word_1_141' title='bbox 474 1919 661 1964; x_wconf 90' lang='lat' dir='ltr'><strong>Arabia</strong></span> <span class='ocrx_word' id='word_1_142' title='bbox 683 1921 926 1981; x_wconf 87' lang='lat' dir='ltr'><strong>gessimus</strong></span> <span class='ocrx_word' id='word_1_143' title='bbox 953 1925 1006 1965; x_wconf 85' lang='lat' dir='ltr'><strong>et</strong></span> <span class='ocrx_word' id='word_1_144' title='bbox 1031 1918 1258 1964; x_wconf 86' lang='lat' dir='ltr'><strong>Romana</strong></span> <span class='ocrx_word' id='word_1_145' title='bbox 1287 1935 1426 1964; x_wconf 92' lang='lat' dir='ltr'><strong>arma</strong></span> <span class='ocrx_word' id='word_1_146' title='bbox 1457 1921 1508 1964; x_wconf 93' lang='lat' dir='ltr'><strong>in</strong></span> <span class='ocrx_word' id='word_1_147' title='bbox 1537 1935 1773 1982; x_wconf 90' lang='lat' dir='ltr'><strong>magnam</strong></span> 
     </span>
     <span class='ocr_line' id='line_1_23' title="bbox 293 2012 1773 2076; baseline 0 -18"><span class='ocrx_word' id='word_1_148' title='bbox 293 2019 492 2076; x_wconf 89' lang='lat' dir='ltr'><strong>partem</strong></span> <span class='ocrx_word' id='word_1_149' title='bbox 508 2015 612 2058; x_wconf 90' lang='lat' dir='ltr'><strong>eius</strong></span> <span class='ocrx_word' id='word_1_150' title='bbox 630 2019 981 2075; x_wconf 80' lang='lat' dir='ltr'><strong>penetravere,</strong></span> <span class='ocrx_word' id='word_1_151' title='bbox 999 2012 1152 2058; x_wconf 88' lang='lat' dir='ltr'><strong>Gaius</strong></span> <span class='ocrx_word' id='word_1_152' title='bbox 1175 2014 1331 2058; x_wconf 90' lang='lat' dir='ltr'><strong>etiam</strong></span> <span class='ocrx_word' id='word_1_153' title='bbox 1352 2012 1536 2058; x_wconf 90' lang='lat' dir='ltr'><strong>Caesar</strong></span> <span class='ocrx_word' id='word_1_154' title='bbox 1556 2013 1773 2075; x_wconf 88' lang='lat' dir='ltr'><strong>Augusti</strong></span> 
     </span>
     <span class='ocr_line' id='line_1_24' title="bbox 296 2105 1774 2168; baseline 0.001 -17"><span class='ocrx_word' id='word_1_155' title='bbox 296 2106 422 2152; x_wconf 88' lang='lat' dir='ltr'><strong>filius</strong></span> <span class='ocrx_word' id='word_1_156' title='bbox 437 2105 554 2152; x_wconf 91' lang='lat' dir='ltr'><strong>inde</strong></span> <span class='ocrx_word' id='word_1_157' title='bbox 570 2105 779 2168; x_wconf 86' lang='lat' dir='ltr'><strong>gloriam</strong></span> <span class='ocrx_word' id='word_1_158' title='bbox 794 2108 962 2168; x_wconf 88' lang='lat' dir='ltr'><strong>petiit,</strong></span> <span class='ocrx_word' id='word_1_159' title='bbox 978 2123 1072 2152; x_wconf 89' lang='lat' dir='ltr'><strong>nec</strong></span> <span class='ocrx_word' id='word_1_160' title='bbox 1088 2113 1262 2151; x_wconf 89' lang='lat' dir='ltr'><strong>tamen</strong></span> <span class='ocrx_word' id='word_1_161' title='bbox 1279 2106 1342 2151; x_wconf 89' lang='lat' dir='ltr'><strong>ab</strong></span> <span class='ocrx_word' id='word_1_162' title='bbox 1359 2106 1474 2161; x_wconf 82' lang='lat' dir='ltr'><strong>ullo,</strong></span> <span class='ocrx_word' id='word_1_163' title='bbox 1487 2106 1621 2168; x_wconf 92' lang='lat' dir='ltr'><strong>quod</strong></span> <span class='ocrx_word' id='word_1_164' title='bbox 1637 2108 1774 2168; x_wconf 91' lang='lat' dir='ltr'><strong>equi-</strong></span> 
     </span>
     <span class='ocr_line' id='line_1_25' title="bbox 295 2198 1770 2254; baseline 0 -9"><span class='ocrx_word' id='word_1_165' title='bbox 295 2199 411 2245; x_wconf 94' lang='lat' dir='ltr'><strong>dem</strong></span> <span class='ocrx_word' id='word_1_166' title='bbox 435 2202 605 2254; x_wconf 88' lang='lat' dir='ltr'><strong>seiam,</strong></span> <span class='ocrx_word' id='word_1_167' title='bbox 623 2198 805 2244; x_wconf 90' lang='lat' dir='ltr'><strong>Latino</strong></span> <span class='ocrx_word' id='word_1_168' title='bbox 830 2200 1062 2245; x_wconf 86' lang='lat' dir='ltr'><strong>arborum</strong></span> <span class='ocrx_word' id='word_1_169' title='bbox 1088 2215 1259 2245; x_wconf 87' lang='lat' dir='ltr'><strong>earum</strong></span> <span class='ocrx_word' id='word_1_170' title='bbox 1286 2199 1474 2245; x_wconf 89' lang='lat' dir='ltr'><strong>tradita</strong></span> <span class='ocrx_word' id='word_1_171' title='bbox 1500 2206 1577 2245; x_wconf 87' lang='lat' dir='ltr'><strong>est</strong></span> <span class='ocrx_word' id='word_1_172' title='bbox 1602 2198 1770 2245; x_wconf 88' lang='lat' dir='ltr'><strong>facies.</strong></span> 
     </span>
    </p>
   </div>
   <div class='ocr_carea' id='block_1_6' title="bbox 297 2291 1772 2357">
    <p class='ocr_par' dir='ltr' id='par_1_7' title="bbox 297 2291 1772 2357">
     <span class='ocr_line' id='line_1_26' title="bbox 297 2291 1772 2357; baseline 0.001 -19"><span class='ocrx_word' id='word_1_173' title='bbox 297 2293 601 2338; x_wconf 87' lang='lat' dir='ltr'><strong>Graecorum</strong></span> <span class='ocrx_word' id='word_1_174' title='bbox 638 2291 869 2355; x_wconf 83' lang='lat' dir='ltr'><strong>exempla</strong></span> <span class='ocrx_word' id='word_1_175' title='bbox 902 2295 1127 2339; x_wconf 88' lang='lat' dir='ltr'><strong>variant:</strong></span> <span class='ocrx_word' id='word_1_176' title='bbox 1169 2292 1251 2337; x_wconf 90' lang='lat' dir='ltr'><strong>alii</strong></span> <span class='ocrx_word' id='word_1_177' title='bbox 1289 2291 1406 2338; x_wconf 91' lang='lat' dir='ltr'><strong>folio</strong></span> <span class='ocrx_word' id='word_1_178' title='bbox 1437 2295 1550 2357; x_wconf 87' lang='lat' dir='ltr'><strong>piri,</strong></span> <span class='ocrx_word' id='word_1_179' title='bbox 1583 2295 1772 2339; x_wconf 89' lang='lat' dir='ltr'><strong>minore</strong></span> 
     </span>
    </p>
   </div>
   <div class='ocr_carea' id='block_1_7' title="bbox 797 2406 1271 2553">
    <p class='ocr_par' dir='ltr' id='par_1_8' title="bbox 797 2406 1271 2553">
     <span class='ocr_line' id='line_1_27' title="bbox 798 2406 1271 2446; baseline 0.004 -2"><span class='ocrx_word' id='word_1_180' title='bbox 798 2407 811 2430; x_wconf 80' lang='lat'>1</span> <span class='ocrx_word' id='word_1_181' title='bbox 842 2411 912 2445; x_wconf 80' lang='lat' dir='ltr'><strong>tus</strong></span> <span class='ocrx_word' id='word_1_182' title='bbox 932 2407 1026 2445; x_wconf 69' lang='lat' dir='ltr'><strong>add.</strong></span> <span class='ocrx_word' id='word_1_183' title='bbox 1049 2406 1271 2446; x_wconf 74' lang='lat' dir='ltr'><strong>Rackham.</strong></span> 
     </span>
     <span class='ocr_line' id='line_1_28' title="bbox 797 2459 1269 2500; baseline 0.006 -3"><span class='ocrx_word' id='word_1_184' title='bbox 797 2461 812 2483; x_wconf 77' lang='lat'>2</span> <span class='ocrx_word' id='word_1_185' title='bbox 842 2460 1074 2499; x_wconf 75' lang='lat' dir='ltr'><strong>Rackham:</strong></span> <span class='ocrx_word' id='word_1_186' title='bbox 1106 2459 1269 2500; x_wconf 76' lang='lat' dir='ltr'><strong>vident.</strong></span> 
     </span>
     <span class='ocr_line' id='line_1_29' title="bbox 797 2513 1195 2553; baseline 0.003 -2"><span class='ocrx_word' id='word_1_187' title='bbox 797 2513 813 2536; x_wconf 76' lang='lat'>³</span> <span class='ocrx_word' id='word_1_188' title='bbox 843 2514 1073 2553; x_wconf 72' lang='lat' dir='ltr'><strong>Rackham:</strong></span> <span class='ocrx_word' id='word_1_189' title='bbox 1106 2518 1195 2552; x_wconf 73' lang='lat' dir='ltr'><strong>aut.</strong></span> 
     </span>
    </p>
   </div>
  </div>
 </body>
</html>
