1909 2998
533 212 743 258 PLINY
765 228 777 258 ε
842 211 1172 259 NATURAL
1216 211 1515 259 HISTORY

279 339 472 386 obverti
495 342 545 384 in
575 339 862 402 aquilonem
892 346 1125 401 oportere
1149 339 1227 385 vel
1257 343 1434 402 utique
1457 342 1508 385 in
1532 346 1761 386 exortum

279 428 729 492 aequinoctialem3
799 428 1088 475 sterculinia
1145 436 1198 475 et
1270 429 1501 475 arborum
1571 428 1762 476 radices

277 519 445 580 procul
477 519 669 574 abesse,
699 522 968 581 omniaque
999 518 1160 565 odoris
1194 518 1417 565 evitandi
1446 517 1684 565 facillimo
1712 522 1761 564 in

182 615 257 653 134
281 612 394 654 vina
419 612 652 664 transitu,
681 609 796 656 ficos
824 612 1000 671 utique
1029 615 1082 655 et
1108 609 1392 671 caprificos;
1437 608 1579 656 doliis
1607 612 1761 655 etiam

276 698 539 745 intervalla
562 699 688 754 dari,
711 715 774 745 ne
799 703 931 745 inter
954 715 1064 745 sese
1088 702 1211 745 vitia
1235 705 1440 761 serpant
1463 702 1762 762 contagione

277 793 375 835 vini
435 805 635 851 semper
695 793 939 836 ocissima.
1007 793 1127 851 quin
1190 795 1243 835 et
1305 789 1487 851 figuras
1547 789 1762 836 referre:

275 883 526 926 ventriosa
571 896 628 925 ac
674 879 850 941 patula
895 882 1057 925 minus
1105 878 1263 925 utilia.
1331 883 1485 941 picari
1530 887 1762 942 oportere

274 973 499 1031 protinus
534 987 563 1015 a
595 973 730 1016 canis
765 976 895 1025 ortu,
929 976 1107 1031 postea
1139 969 1374 1031 perfundi
1406 972 1599 1015 marina
1631 987 1761 1032 aqua

274 1067 362 1106 aut
386 1059 535 1115 salsa,
560 1059 677 1105 dein
702 1063 869 1106 cinere
897 1076 924 1105 e
949 1062 1216 1105 sarmentis
1243 1062 1441 1122 aspergi
1466 1058 1544 1105 vel
1570 1059 1761 1122 argilla,

274 1149 501 1196 abstersa
532 1166 699 1195 murra
724 1149 873 1195 suffiri
902 1152 1136 1212 ipsasque
1167 1152 1364 1211 saepius
1388 1147 1554 1195 cellas.
1621 1149 1759 1196 inbe-

272 1239 383 1285 cilla
416 1242 530 1285 vina
562 1240 788 1286 demissis
821 1243 872 1285 in
904 1246 1093 1285 terram
1128 1239 1269 1285 doliis
1303 1239 1564 1294 servanda,
1597 1239 1761 1286 valida

175 1335 249 1375 135
275 1333 528 1391 expositis.
598 1346 873 1392 numquam
925 1329 1199 1391 implenda,
1253 1336 1306 1376 et
1359 1329 1494 1392 quod
1545 1333 1759 1392 supersit

272 1436 417 1482 passo
471 1427 558 1466 aut
611 1419 813 1466 defruto
866 1419 1287 1482 perunguendum
1340 1420 1566 1466 admixto
1617 1437 1759 1468 croco

274 1514 466 1572 pistave
495 1513 553 1556 iri
578 1510 596 1538 1
624 1527 738 1556 cum
767 1526 905 1572 sapa.
972 1513 1041 1556 sic
1070 1509 1304 1571 opercula
1332 1509 1575 1556 doliorum
1604 1510 1759 1556 medi-

271 1601 433 1647 canda
483 1600 657 1647 addita
705 1598 952 1646 mastiche
1002 1606 1090 1646 aut
1140 1603 1250 1661 pice
1301 1599 1515 1646 Bruttia.
1581 1600 1758 1646 bruma

273 1694 453 1752 aperiri
492 1697 669 1736 vetant
703 1693 795 1736 nisi
827 1706 1004 1736 sereno
1044 1689 1142 1745 die,
1177 1695 1355 1735 vetant
1394 1696 1564 1736 austro
1602 1689 1758 1737 flante

272 1780 450 1827 lunave
471 1781 637 1843 plena.

172 1877 249 1916 136
338 1871 448 1917 Flos
474 1874 572 1916 vini
597 1870 838 1917 candidus
865 1870 1134 1932 probatur3
1178 1869 1362 1916 rubens
1387 1873 1533 1917 triste
1559 1873 1755 1933 signum

272 1968 366 2016 est,
396 1964 436 2007 si
468 1977 568 2006 non
596 1964 636 2007 is
668 1964 766 2006 vini
797 1960 928 2007 colos
958 1963 1052 2014 sit3
1099 1962 1225 2006 item
1256 1976 1374 2006 vasa
1403 1959 1756 2007 incalescentia

271 2051 566 2113 operculave
594 2051 844 2097 sudantia.
914 2050 1047 2112 quod
1074 2049 1305 2096 celeriter
1331 2049 1508 2096 florere
1533 2053 1755 2112 coeperit

271 2141 577 2204 odoremque
603 2140 806 2187 trahere
833 2157 932 2186 non
957 2140 1063 2186 fore
1089 2140 1355 2186 diutinum.
1423 2143 1531 2202 ipsa
1556 2156 1754 2203 quoque

699 2271 715 2295 ²
746 2270 842 2308 Fels
861 2284 869 2309 :
901 2270 1049 2320 pisave
1070 2270 1119 2308 iri
1139 2274 1212 2307 aut
1230 2268 1332 2308 alia.

328 2476 346 2493 ⁰
374 2469 410 2507 A
434 2469 580 2507 mould
604 2468 700 2506 that
724 2468 856 2508 forins
880 2481 934 2508 on
956 2467 1031 2508 the
1052 2466 1217 2507 surface
1240 2468 1325 2507 and
1347 2468 1451 2507 then
1472 2467 1589 2506 siuks
1611 2468 1695 2508 and
1715 2469 1749 2509 is

274 2521 372 2561 held
393 2523 435 2562 in
457 2523 724 2573 suspension.

277 2612 364 2656 274
