1909 2998
248 1199 298 1238 27

251 1841 303 1878 28

581 186 824 232 PLINY:
889 186 1218 232 NATURAL
1263 184 1555 232 HISTORY

327 321 629 376 praetenera
647 317 806 368 acino,
825 321 877 359 et
895 330 991 359 uva
1007 320 1113 359 tam
1130 330 1284 376 parva
1302 320 1358 359 ut
1376 315 1468 359 nisi
1484 315 1810 376 pinguissimo

331 393 435 439 solo
484 393 647 439 colere
699 410 798 439 non
847 396 1020 456 prosit.
1090 395 1356 456 eugeniam
1406 393 1813 439 Tauromenitani

330 473 480 519 colles
519 490 632 519 cum
671 475 1025 536 generositatis
1063 475 1359 536 cognomine
1399 475 1578 519 misere
1618 472 1814 519 Albano

328 560 531 599 tantum
558 570 695 616 agro,
724 556 959 616 quoniam
986 552 1082 599 alio
1101 552 1121 581 1
1147 552 1333 599 tralata
1358 555 1532 599 statim
1558 559 1815 599 mutatur:

330 649 547 695 namque
571 640 648 680 est
669 632 846 696 aliquis
868 640 1041 679 tantus
1063 632 1284 679 locorum
1307 649 1446 678 amor
1465 639 1523 678 ut
1544 649 1745 678 omnem
1765 636 1814 678 in

329 715 387 759 iis
425 713 633 775 gloriam
672 729 814 759 suam
851 713 1139 775 relinquant
1176 729 1270 759 nec
1307 729 1519 775 usquam
1555 719 1816 759 transeant

331 800 487 839 totae.
557 793 692 856 quod
739 800 792 839 et
839 796 890 838 in
937 793 1148 839 Raetica
1195 792 1616 855 Allobrogicaque
1665 809 1815 855 quam

331 890 480 937 supra
514 876 736 936 picatam
774 873 1135 937 appellavimus
1175 875 1361 928 evenit,
1398 872 1534 919 domi
1570 872 1816 919 nobilibus

331 970 424 999 nec
475 953 802 1016 agnoscendis
854 953 986 999 alibi.
1056 952 1303 999 fecundae
1353 959 1528 999 tamen
1577 953 1817 1000 bonitatis

331 1036 438 1080 vice
486 1037 682 1097 copiam
729 1040 1010 1097 praestant,
1061 1036 1276 1096 eugenia
1324 1032 1635 1079 ferventibus
1682 1032 1818 1090 locis,

331 1113 542 1160 Raetica
559 1117 874 1177 temperatis,
894 1113 1215 1176 Allobrogica
1233 1112 1444 1176 frigidis,
1463 1113 1581 1176 gelu
1599 1120 1819 1160 mature-

332 1210 474 1240 scens
497 1201 549 1240 et
568 1193 732 1240 colore
753 1197 911 1257 nigra.
982 1210 1045 1240 ex
1064 1196 1123 1240 iis
1146 1210 1268 1256 quas
1291 1192 1453 1239 adhuc
1474 1193 1708 1249 diximus,
1729 1193 1818 1240 sed

333 1277 488 1320 etiam
535 1291 562 1320 e
609 1277 779 1337 nigris,
826 1277 940 1320 vina
985 1281 1243 1320 vetustate
1289 1277 1341 1319 in
1387 1273 1557 1319 album
1601 1273 1817 1320 colorem

333 1361 612 1400 transeunt.
682 1354 905 1417 reliquae
926 1354 1189 1417 ignobiles,
1212 1353 1480 1416 aliquando
1501 1361 1676 1400 tamen
1694 1353 1818 1400 caeli

334 1442 422 1480 aut
446 1434 535 1480 soli
558 1451 710 1498 opera
735 1452 833 1480 non
849 1434 868 1463 2
887 1433 1067 1481 fallunt
1087 1432 1384 1491 vetustate,³
1402 1436 1549 1480 sicuti
1574 1433 1819 1480 Faecenia

335 1522 388 1560 et
412 1531 526 1560 cum
552 1532 612 1560 ea
637 1514 816 1561 florens
841 1515 1150 1578 Biturigiaca
1175 1517 1317 1560 acino
1347 1517 1520 1570 rarior,
1545 1531 1819 1576 numquam

335 1593 465 1640 floris
505 1595 723 1651 obnoxii,
763 1598 999 1657 quoniam
1040 1611 1141 1640 non
1179 1594 1474 1640 favonium4
1511 1594 1820 1640 antecedunt

334 1677 598 1737 ventisque
653 1682 706 1721 et
759 1676 999 1721 imbribus
1052 1678 1312 1730 resistunt,
1365 1673 1595 1721 meliores
1647 1681 1820 1721 tamen

335 1754 619 1817 algentibus
636 1755 755 1801 locis
773 1772 924 1818 quarn
940 1754 1131 1811 calidis,
1148 1754 1329 1801 umidis
1348 1771 1499 1817 quam
1516 1755 1818 1801 sitientibus.

337 1835 510 1880 visulla
558 1836 736 1897 grandi
784 1839 944 1898 magis
994 1852 1146 1897 quam
1193 1835 1350 1881 denso
1399 1851 1607 1881 uvarum
1653 1841 1820 1898 partu,

335 1918 604 1978 impatiens
637 1918 874 1961 variantis
907 1915 1051 1971 caeli,
1084 1914 1174 1961 sed
1206 1922 1382 1961 contra
1409 1922 1639 1961 tenorem
1666 1931 1820 1961 unum

337 1994 516 2057 algoris
560 2003 792 2041 aestusve
835 2003 1084 2041 constans.
1156 2012 1285 2057 quae
1329 1997 1491 2040 minor
1533 2001 1611 2041 est
1655 2011 1717 2041 ex
1762 2011 1820 2041 eo

335 2091 522 2136 genere
580 2075 769 2121 melior.
839 2079 888 2120 in
948 2075 1180 2138 eligendo
1238 2074 1341 2121 solo
1398 2091 1593 2121 morosa
1647 2078 1818 2139 pingui

513 2175 528 2198 ¹
557 2175 641 2213 alio
660 2175 754 2214 add.
776 2175 1000 2214 Rackham.

510 2229 525 2251 ²
555 2229 654 2267 vino
676 2228 896 2280 Detlefsen.

509 2281 525 2304 ³
556 2282 754 2332 M'aylzoff
767 2284 778 2331 (
797 2285 832 2331 ⁶2)
853 2297 861 2321 :
895 2286 1176 2321 vetustatem.

508 2335 524 2358 ⁴²
554 2348 639 2373 non
660 2335 882 2374 favonium
902 2335 996 2374 add.
1017 2335 1102 2374 Ian
1121 2334 1212 2374 coll.
1235 2346 1268 2374 11
1290 2336 1381 2381 122,
1405 2345 1466 2373 XV
1488 2336 1536 2373 12
1554 2348 1611 2384 sq.

741 2467 759 2484 ‘¹
789 2460 847 2500 Or
869 2460 1064 2511 possibly
1086 2461 1332 2501 Bordeaux.

739 2512 754 2537 ὁ
785 2514 874 2554 Not
895 2514 1138 2555 identified.

346 2585 430 2614 202
