1909 2998
215 352 267 389 66

217 1009 267 1047 67

221 1856 272 1892 68

552 215 797 262 PLINY:
861 215 1191 262 NATURAL
1237 214 1534 262 HISTORY

363 343 607 390 XXXIII.
650 343 877 389 Murram
893 346 943 388 in
959 343 1138 389 iisdem
1154 343 1285 389 silvis
1300 346 1553 406 permixta
1569 343 1744 389 arbore
1763 342 1782 372 ²

299 441 434 484 nasci
450 438 706 484 tradidere
726 437 895 500 aliqui,
910 437 1078 501 plures
1097 440 1370 500 separatim
1386 452 1398 492 3
1415 439 1599 500 quippe
1613 436 1782 483 multis

299 532 416 578 locis
433 533 652 578 Arabiae
669 534 911 594 gignitur,
923 538 980 577 ut
997 531 1261 594 apparebit
1277 534 1327 576 in
1343 531 1627 593 generibus.
1668 546 1785 576 con·

300 624 498 672 vehitur
523 633 576 672 et
609 642 672 672 ex
691 624 863 671 insulis
880 624 899 654 2
921 625 1144 680 laudata,
1169 632 1455 688 petuntque
1486 640 1598 670 eam
1627 626 1783 690 etiam

301 719 365 765 ad
387 719 702 783 Trogodytas
725 718 907 766 Sabaei
929 722 1146 765 transitu
1168 722 1333 765 maris.
1402 720 1562 765 sativa
1585 735 1783 780 quoque

300 817 531 877 provenit
568 813 784 859 multum
824 813 1037 859 silvestri
1074 812 1317 876 praelata.
1386 811 1578 875 gaudet
1615 815 1784 858 rastris

303 915 455 970 atque
483 907 967 969 ablaqueationibus,
992 906 1168 952 melior
1192 906 1360 952 radice
1385 904 1698 968 refrigerata.

367 1000 602 1048 XXXIV.
636 1002 817 1047 Arbori
830 1001 1047 1047 altitudo
1062 1000 1125 1047 ad
1139 1003 1359 1063 quinque
1374 1000 1562 1056 cubita,
1574 1016 1667 1046 nec
1679 1002 1784 1046 sine

302 1098 460 1159 spina,
485 1095 692 1141 caudice
723 1095 847 1142 duro
879 1102 932 1142 et
962 1097 1169 1151 intorto,
1199 1097 1437 1141 crassiore
1469 1110 1619 1157 quam
1644 1097 1786 1149 turis,

303 1197 356 1236 et
382 1191 445 1236 ab
470 1189 637 1236 radice
665 1194 819 1236 etiam
846 1206 997 1252 quam
1016 1189 1209 1252 reliqua
1228 1192 1302 1234 sui
1319 1196 1481 1252 parte.
1549 1190 1786 1234 corticem

303 1284 465 1330 levem
485 1283 797 1347 similemque
819 1283 1056 1339 unedoni,
1075 1284 1306 1330 scabrum
1326 1282 1408 1328 alii
1433 1285 1786 1346 spinosumque

302 1377 493 1434 dixere,
531 1377 705 1424 folium
743 1378 902 1424 olivae
941 1395 1114 1424 verum
1151 1380 1358 1441 crispius
1395 1383 1449 1423 et
1486 1375 1788 1431 aculeatum,

305 1472 431 1518 Iuba
469 1471 690 1518 olusatri.
759 1471 911 1535 aliqui
951 1471 1165 1517 similem
1204 1474 1449 1535 iunipero,
1488 1470 1787 1516 scabriorem

302 1573 504 1612 tantum
553 1569 808 1630 spinisque
857 1564 1128 1621 horridam,
1178 1564 1295 1611 folio
1344 1564 1651 1619 rotundiore,
1700 1563 1788 1609 sed

303 1677 479 1724 sapore
518 1663 746 1724 iuniperi.
815 1643 908 1706 nec
946 1677 1045 1706 non
1083 1659 1224 1706 fuere
1264 1661 1348 1721 qui
1386 1675 1413 1705 e
1452 1661 1576 1704 turis
1614 1658 1788 1704 arbore

304 1762 574 1817 utrumque
599 1757 735 1800 nasci
757 1757 1109 1800 mentirentur.

339 1848 545 1893 XXXV.
571 1848 866 1894 Inciduntur
878 1849 954 1894 bis
970 1856 1022 1894 et
1035 1852 1173 1912 ipsae
1187 1847 1449 1909 isdemque
1463 1835 1789 1911 temporibus,

305 1942 393 1987 sed
420 1959 447 1987 a
473 1942 639 1988 radice
666 1959 823 2004 usque
845 1942 908 1987 ad
934 1958 1184 1987 ramorum
1201 1941 1220 1970 3
1245 1944 1329 2003 qui
1354 1940 1539 1986 valent.
1607 1940 1790 1986 sudant

306 2043 476 2081 autem
503 2043 681 2100 sponte
706 2039 841 2099 prius
863 2053 1013 2099 quam
1035 2035 1319 2081 incidantur
1343 2041 1540 2080 stacten
1565 2033 1790 2088 dictam,⁴¹

563 2165 577 2188 1
616 2163 692 2202 VJ.
715 2163 931 2214 permixta
951 2163 1162 2203 arborem.

561 2218 576 2241 ²
606 2217 729 2255 Galen
749 2232 757 2255 ε
788 2216 885 2256 iluis
904 2221 976 2255 aut
996 2217 1127 2255 silvis.

561 2270 577 2294 3
606 2273 854 2309 ramorum?
888 2270 1108 2321 Illayhoff:
1140 2282 1308 2309 ramum
1330 2274 1402 2308 aut
1422 2281 1556 2309 aram.

562 2325 577 2347 ‘²
614 2324 692 2363 VJ.
714 2328 852 2363 stacte
873 2324 1004 2363 dieta.

525 2542 542 2560 ‘¹
572 2535 624 2574 In
645 2534 900 2575 North-east
922 2534 1078 2574 Africa.
1136 2534 1214 2574 See
1232 2535 1251 2584 ξ
1274 2535 1325 2572 28
1343 2533 1430 2573 and
1448 2538 1563 2574 note.

313 2614 370 2668 48
