1909 2998
250 506 298 544 18

251 963 299 1002 19

579 217 822 264 PLINY:
887 217 1217 264 NATURAL
1261 217 1558 263 HISTORY

328 347 482 408 passis
518 344 778 400 dulciores,
814 343 1084 390 admodum
1120 360 1260 390 rarae
1297 346 1347 389 in
1383 343 1554 390 Africa
1590 351 1644 391 et
1677 347 1807 392 circa

330 422 605 468 Emeritam
631 420 935 467 Lusitaniae.

398 498 578 544 Oleum
600 501 762 560 ipsum
786 497 887 543 sale
917 496 1196 543 vindicatur
1226 514 1255 542 a
1281 497 1644 560 pinguitudinis
1668 499 1803 545 vitio.

328 578 511 621 cortice
539 574 680 620 oleae
706 576 901 620 conciso
929 573 1133 620 odorem
1161 576 1369 637 accipit:
1413 573 1684 620 medicatio
1712 574 1807 620 alia

331 658 386 697 ut
419 654 549 706 vino,
569 650 726 714 palati
756 653 920 713 gratia
951 649 1084 696 nulla
1117 657 1209 696 est.
1282 666 1374 696 nec
1406 656 1513 696 tam
1539 666 1804 697 numerosa

329 726 637 781 differentia3
690 727 847 772 tribus
885 733 941 772 ut
974 726 1244 789 plurimum
1278 726 1589 773 bonitatibus
1626 726 1801 774 distat.

330 804 451 850 odor
477 807 528 849 in
555 806 695 850 tenui
726 806 963 866 argutior,
993 810 1046 849 et
1074 805 1113 849 is
1142 810 1316 849 tamen
1347 805 1502 849 etiam
1531 805 1582 848 in
1610 806 1804 866 optimo

329 881 505 927 brevis.

394 957 452 1003 V.
489 956 615 1003 Oleo
642 963 820 1003 natura
834 955 1124 1019 tepefacere
1141 972 1317 1019 corpus
1346 962 1398 1002 et
1413 962 1588 1002 contra
1613 955 1807 1019 algores

330 1036 539 1089 munire,
584 1033 750 1079 eidem
795 1031 1012 1079 fervores
1056 1035 1235 1095 capitis
1280 1031 1594 1095 refrigerare.
1662 1049 1805 1079 usum

331 1113 435 1156 eius
473 1109 538 1156 ad
575 1109 820 1156 luxuriam
858 1116 1056 1155 vertere
1097 1109 1278 1155 Graeci
1316 1111 1550 1155 vitiorum
1587 1112 1807 1155 omnium

330 1189 584 1249 genitores
605 1189 655 1232 in
674 1189 945 1249 gymnasiis
965 1185 1268 1249 publicando
1285 1199 1296 1240 3
1333 1192 1511 1231 notum
1531 1192 1609 1232 est
1628 1189 1810 1249 magis-

330 1270 491 1309 tratus
533 1262 730 1309 honoris
773 1266 878 1309 eius
921 1265 1178 1325 octogenis
1220 1265 1466 1308 sestertiis
1508 1264 1809 1325 strigmenta

331 1339 425 1404 olei
469 1339 767 1386 vendidisse.
835 1339 976 1385 oleae
1019 1338 1260 1385 honorem
1304 1339 1529 1384 Romana
1571 1341 1807 1386 maiestas

330 1432 568 1479 magnum
592 1415 847 1480 perhibuit
876 1423 1065 1462 turmas
1093 1417 1322 1478 equitum
1349 1415 1511 1461 idibus
1542 1415 1678 1462 Iuliis
1708 1432 1769 1462 ea
1787 1415 1805 1444 1

329 1492 628 1548 coronando,
690 1495 814 1538 item
898 1493 1167 1538 minoribus
1251 1490 1515 1554 triumphis
1582 1498 1805 1538 ovantes.

330 1567 563 1616 Athenae
614 1586 812 1632 quoque
863 1571 1074 1615 victores
1125 1567 1236 1615 olea
1285 1575 1543 1624 coronant,
1595 1568 1809 1614 Graecia

330 1644 543 1691 oleastro
567 1645 849 1708 Olympiae.

395 1721 481 1768 VI.
518 1721 660 1768 Nunc
695 1722 927 1768 dicentur
963 1721 1164 1768 Catonis
1208 1720 1394 1784 placita
1433 1720 1497 1767 de
1535 1720 1689 1768 olivis.
1757 1723 1806 1766 in

330 1798 489 1844 calido
518 1805 570 1844 et
597 1801 770 1862 pingui
799 1798 902 1844 solo
935 1798 1128 1844 radium
1166 1800 1424 1853 maiorem,
1463 1796 1808 1853 Sallentinam,

331 1873 588 1930 orchitem‚
602 1877 812 1938 posiam‚
829 1874 1138 1937 Sergianam‚
1156 1874 1517 1929 Cominianam,
1536 1873 1805 1920 albiceram

330 1953 424 1996 seri
448 1951 605 2007 iubet,
629 1950 883 2013 adicitque
907 1949 1142 2013 singulari
1165 1950 1436 2014 prudentia
1463 1967 1612 2012 quam
1637 1966 1807 1996 earum

859 2068 874 2092 1
908 2066 1127 2117 Maykosj:
1158 2080 1210 2105 ex
1231 2080 1296 2106 ea.

389 2252 405 2269 ⁰
437 2247 485 2285 M
489 2246 708 2295 aqistratus
729 2245 895 2284 honoris
915 2245 1004 2284 eius
1024 2245 1058 2283 is
1078 2257 1102 2283 a
1125 2244 1346 2295 rendering
1367 2244 1415 2283 of
1433 2244 1740 2297 γυμνασιάρχαι.

391 2299 406 2324 b
435 2299 457 2336 I
465 2313 510 2338 .e.
533 2299 607 2337 the
628 2298 686 2337 oil
705 2298 881 2349 scraped
903 2298 962 2336 off
983 2297 1057 2337 the
1079 2297 1276 2336 athletes’
1295 2298 1441 2337 bodies
1456 2298 1559 2336 with
1581 2311 1606 2336 a
1626 2297 1771 2348 striqil.

389 2358 403 2377 ⁰
434 2353 498 2391 On
519 2352 606 2391 t-his
624 2352 710 2401 day
730 2351 805 2390 the
825 2351 974 2401 equites
993 2364 1101 2390 were
1121 2351 1327 2389 reviewed
1351 2351 1408 2402 by
1427 2351 1501 2390 the
1522 2364 1702 2398 consors,
1723 2351 1806 2390 and

347 2410 440 2444 ater
460 2406 515 2456 by
535 2405 608 2443 the
627 2418 854 2455 emperors.

391 2459 408 2482 ¹¹
439 2459 489 2497 In
520 2472 575 2497 an
603 2459 736 2497 ovatio
763 2458 838 2496 the
868 2458 1101 2496 victorious
1130 2457 1297 2508 general
1328 2457 1500 2496 entered
1528 2456 1603 2495 the
1633 2458 1723 2508 cit-y
1752 2470 1807 2496 on

332 2512 438 2558 foot,
459 2513 544 2550 and
565 2516 642 2551 not
662 2512 703 2550 in
724 2525 749 2549 a
771 2511 949 2558 chariot,
969 2524 1016 2550 as
1036 2515 1082 2550 at
1102 2524 1127 2549 a
1147 2523 1301 2561 proper
1320 2510 1569 2561 triumphus.

328 2604 417 2650 300
