<?xml version="1.0" encoding="UTF-8"?>
<!DOCTYPE html PUBLIC "-//W3C//DTD XHTML 1.0 Transitional//EN"
    "http://www.w3.org/TR/xhtml1/DTD/xhtml1-transitional.dtd">
<html xmlns="http://www.w3.org/1999/xhtml" xml:lang="en" lang="en">
 <head>
  <title>
</title>
<meta http-equiv="Content-Type" content="text/html;charset=utf-8" />
  <meta name='ocr-system' content='tesseract 3.04.00' />
  <meta name='ocr-capabilities' content='ocr_page ocr_carea ocr_par ocr_line ocrx_word'/>
</head>
<body>
  <div class='ocr_page' id='page_1' title='image "./naturalhistory04plinuoft/naturalhistory04plinuoft_0040.png"; bbox 0 0 1909 2998; ppageno 0'>
   <div class='ocr_carea' id='block_1_1' title="bbox 215 933 267 972">
    <p class='ocr_par' dir='ltr' id='par_1_1' title="bbox 215 933 267 972">
     <span class='ocr_line' id='line_1_1' title="bbox 215 933 267 972; baseline -0.019 0"><span class='ocrx_word' id='word_1_1' title='bbox 215 933 267 972; x_wconf 84' lang='lat'>39</span> 
     </span>
    </p>
   </div>
   <div class='ocr_carea' id='block_1_2' title="bbox 213 1628 266 1665">
    <p class='ocr_par' dir='ltr' id='par_1_2' title="bbox 213 1628 266 1665">
     <span class='ocr_line' id='line_1_2' title="bbox 213 1628 266 1665; baseline 0 0"><span class='ocrx_word' id='word_1_2' title='bbox 213 1628 266 1665; x_wconf 88' lang='grc'>40</span> 
     </span>
    </p>
   </div>
   <div class='ocr_carea' id='block_1_3' title="bbox 552 188 1533 237">
    <p class='ocr_par' dir='ltr' id='par_1_3' title="bbox 552 188 1533 237">
     <span class='ocr_line' id='line_1_3' title="bbox 552 188 1533 237; baseline -0.001 -1"><span class='ocrx_word' id='word_1_3' title='bbox 552 190 796 236; x_wconf 95' lang='lat' dir='ltr'>PLINY:</span> <span class='ocrx_word' id='word_1_4' title='bbox 862 189 1192 237; x_wconf 87' lang='lat' dir='ltr'>NATURAL</span> <span class='ocrx_word' id='word_1_5' title='bbox 1236 188 1533 236; x_wconf 87' lang='lat' dir='ltr'>HISTORY</span> 
     </span>
    </p>
   </div>
   <div class='ocr_carea' id='block_1_4' title="bbox 296 315 1785 2206">
    <p class='ocr_par' dir='ltr' id='par_1_4' title="bbox 298 315 1785 1598">
     <span class='ocr_line' id='line_1_4' title="bbox 300 315 1785 380; baseline 0 -17"><span class='ocrx_word' id='word_1_6' title='bbox 300 319 548 364; x_wconf 84' lang='lat' dir='ltr'>suavitate</span> <span class='ocrx_word' id='word_1_7' title='bbox 576 316 914 372; x_wconf 89' lang='lat' dir='ltr'>inenarrabili,</span> <span class='ocrx_word' id='word_1_8' title='bbox 941 334 1146 380; x_wconf 88' lang='lat' dir='ltr'>pomum</span> <span class='ocrx_word' id='word_1_9' title='bbox 1174 316 1345 379; x_wconf 86' lang='lat' dir='ltr'>lupino</span> <span class='ocrx_word' id='word_1_10' title='bbox 1372 315 1550 372; x_wconf 91' lang='lat' dir='ltr'>simile,</span> <span class='ocrx_word' id='word_1_11' title='bbox 1577 323 1785 380; x_wconf 89' lang='lat' dir='ltr'>propter</span> 
     </span>
     <span class='ocr_line' id='line_1_5' title="bbox 299 402 1783 467; baseline 0 -18"><span class='ocrx_word' id='word_1_12' title='bbox 299 407 625 467; x_wconf 77' lang='lat' dir='ltr'>asperitatem</span> <span class='ocrx_word' id='word_1_13' title='bbox 650 407 896 450; x_wconf 83' lang='lat' dir='ltr'>intactum</span> <span class='ocrx_word' id='word_1_14' title='bbox 923 404 1151 449; x_wconf 89' lang='lat' dir='ltr'>omnibus</span> <span class='ocrx_word' id='word_1_15' title='bbox 1177 402 1488 449; x_wconf 83' lang='lat' dir='ltr'><strong>animalibus.</strong></span> <span class='ocrx_word' id='word_1_16' title='bbox 1559 403 1783 450; x_wconf 88' lang='lat' dir='ltr'>eiusdem</span> 
     </span>
     <span class='ocr_line' id='line_1_6' title="bbox 299 489 1784 553; baseline -0.001 -17"><span class='ocrx_word' id='word_1_17' title='bbox 299 490 526 537; x_wconf 82' lang='lat' dir='ltr'>insulael</span> <span class='ocrx_word' id='word_1_18' title='bbox 563 490 834 537; x_wconf 81' lang='lat' dir='ltr'>excelsiore</span> <span class='ocrx_word' id='word_1_19' title='bbox 872 497 1115 553; x_wconf 84' lang='lat' dir='ltr'>suggestu</span> <span class='ocrx_word' id='word_1_20' title='bbox 1160 489 1414 552; x_wconf 82' lang='lat' dir='ltr'>lanigerae</span> <span class='ocrx_word' id='word_1_21' title='bbox 1451 489 1651 536; x_wconf 89' lang='lat' dir='ltr'>arbores</span> <span class='ocrx_word' id='word_1_22' title='bbox 1688 489 1784 535; x_wconf 91' lang='lat' dir='ltr'>alio</span> 
     </span>
     <span class='ocr_line' id='line_1_7' title="bbox 298 575 1783 639; baseline -0.001 -16"><span class='ocrx_word' id='word_1_23' title='bbox 298 577 447 623; x_wconf 90' lang='lat' dir='ltr'>modo</span> <span class='ocrx_word' id='word_1_24' title='bbox 489 594 640 639; x_wconf 89' lang='lat' dir='ltr'>quam</span> <span class='ocrx_word' id='word_1_25' title='bbox 683 576 888 631; x_wconf 83' lang='lat' dir='ltr'>Serum3</span> <span class='ocrx_word' id='word_1_26' title='bbox 951 576 1026 622; x_wconf 89' lang='lat' dir='ltr'>his</span> <span class='ocrx_word' id='word_1_27' title='bbox 1070 575 1188 622; x_wconf 91' lang='lat' dir='ltr'>folia</span> <span class='ocrx_word' id='word_1_28' title='bbox 1230 575 1501 622; x_wconf 90' lang='lat' dir='ltr'>infecunda</span> <span class='ocrx_word' id='word_1_29' title='bbox 1544 593 1691 639; x_wconf 90' lang='lat' dir='ltr'>quae,</span> <span class='ocrx_word' id='word_1_30' title='bbox 1734 579 1783 622; x_wconf 90' lang='lat' dir='ltr'>ni</span> 
     </span>
     <span class='ocr_line' id='line_1_8' title="bbox 298 657 1781 726; baseline -0.001 -17"><span class='ocrx_word' id='word_1_31' title='bbox 298 666 490 710; x_wconf 89' lang='lat' dir='ltr'>minora</span> <span class='ocrx_word' id='word_1_32' title='bbox 523 657 919 720; x_wconf 47' lang='lat' dir='ltr'>essent,&#39;vitium</span> <span class='ocrx_word' id='word_1_33' title='bbox 951 670 1190 726; x_wconf 77' lang='lat' dir='ltr'>poterant</span> <span class='ocrx_word' id='word_1_34' title='bbox 1222 662 1394 709; x_wconf 88' lang='lat' dir='ltr'>videri.</span> <span class='ocrx_word' id='word_1_35' title='bbox 1465 662 1634 709; x_wconf 89' lang='lat' dir='ltr'>ferunt</span> <span class='ocrx_word' id='word_1_36' title='bbox 1666 663 1781 709; x_wconf 91' lang='lat' dir='ltr'>mali</span> 
     </span>
     <span class='ocr_line' id='line_1_9' title="bbox 298 749 1783 815; baseline -0.001 -18"><span class='ocrx_word' id='word_1_37' title='bbox 298 753 498 797; x_wconf 91' lang='lat' dir='ltr'>cotonei</span> <span class='ocrx_word' id='word_1_38' title='bbox 558 749 889 815; x_wconf 86' lang='lat' dir='ltr'>amplitudine</span> <span class='ocrx_word' id='word_1_39' title='bbox 951 750 1234 796; x_wconf 79' lang='lat' dir='ltr'>cucurbitas</span> <span class='ocrx_word' id='word_1_40' title='bbox 1295 766 1425 812; x_wconf 91' lang='lat' dir='ltr'>quae</span> <span class='ocrx_word' id='word_1_41' title='bbox 1486 752 1783 797; x_wconf 88' lang='lat' dir='ltr'>maturitate</span> 
     </span>
     <span class='ocr_line' id='line_1_10' title="bbox 299 835 1784 902; baseline 0 -19"><span class='ocrx_word' id='word_1_42' title='bbox 299 845 478 902; x_wconf 89' lang='lat' dir='ltr'>ruptae</span> <span class='ocrx_word' id='word_1_43' title='bbox 520 838 795 885; x_wconf 88' lang='lat' dir='ltr'>ostendunt</span> <span class='ocrx_word' id='word_1_44' title='bbox 836 837 1084 901; x_wconf 81' lang='lat' dir='ltr'>lanuginis</span> <span class='ocrx_word' id='word_1_45' title='bbox 1124 835 1250 900; x_wconf 92' lang='lat' dir='ltr'>pilas</span> <span class='ocrx_word' id='word_1_46' title='bbox 1292 853 1354 883; x_wconf 86' lang='lat' dir='ltr'>ex</span> <span class='ocrx_word' id='word_1_47' title='bbox 1397 837 1577 899; x_wconf 92' lang='lat' dir='ltr'>quibus</span> <span class='ocrx_word' id='word_1_48' title='bbox 1618 844 1784 884; x_wconf 89' lang='lat' dir='ltr'>vestes</span> 
     </span>
     <span class='ocr_line' id='line_1_11' title="bbox 298 923 1783 989; baseline -0.001 -18"><span class='ocrx_word' id='word_1_49' title='bbox 298 928 520 989; x_wconf 87' lang='lat' dir='ltr'>pretioso</span> <span class='ocrx_word' id='word_1_50' title='bbox 540 925 696 971; x_wconf 87' lang='lat' dir='ltr'>linteo</span> <span class='ocrx_word' id='word_1_51' title='bbox 716 923 922 970; x_wconf 85' lang='lat' dir='ltr'>faciunt.</span> <span class='ocrx_word' id='word_1_52' title='bbox 985 924 1152 970; x_wconf 91' lang='lat' dir='ltr'>XXII.</span> <span class='ocrx_word' id='word_1_53' title='bbox 1190 923 1419 970; x_wconf 84' lang='lat' dir='ltr'>arborem</span> <span class='ocrx_word' id='word_1_54' title='bbox 1436 923 1455 952; x_wconf 84' lang='lat'>2</span> <span class='ocrx_word' id='word_1_55' title='bbox 1474 930 1655 970; x_wconf 87' lang='lat' dir='ltr'>vocant</span> <span class='ocrx_word' id='word_1_56' title='bbox 1673 940 1783 987; x_wconf 88' lang='lat' dir='ltr'>gos-</span> 
     </span>
     <span class='ocr_line' id='line_1_12' title="bbox 300 1010 1780 1076; baseline 0 -18"><span class='ocrx_word' id='word_1_57' title='bbox 300 1014 549 1076; x_wconf 78' lang='lat' dir='ltr'>sypinum,</span> <span class='ocrx_word' id='word_1_58' title='bbox 566 1011 807 1058; x_wconf 86' lang='lat' dir='ltr'>fertiliore</span> <span class='ocrx_word' id='word_1_59' title='bbox 824 1014 980 1057; x_wconf 86' lang='lat' dir='ltr'>etiam</span> <span class='ocrx_word' id='word_1_60' title='bbox 992 1011 1125 1073; x_wconf 88' lang='lat' dir='ltr'>Tyro</span> <span class='ocrx_word' id='word_1_61' title='bbox 1137 1013 1347 1066; x_wconf 89' lang='lat' dir='ltr'>minore,</span> <span class='ocrx_word' id='word_1_62' title='bbox 1365 1027 1493 1073; x_wconf 89' lang='lat' dir='ltr'>quae</span> <span class='ocrx_word' id='word_1_63' title='bbox 1511 1010 1668 1056; x_wconf 83' lang='lat' dir='ltr'>distat</span> <span class='ocrx_word' id='word_1_64' title='bbox 1687 1015 1719 1058; x_wconf 62' lang='lat' dir='ltr'>i</span> <span class='ocrx_word' id='word_1_65' title='bbox 1731 1029 1780 1074; x_wconf 89' lang='lat' dir='ltr'>p.</span> 
     </span>
     <span class='ocr_line' id='line_1_13' title="bbox 301 1096 1782 1161; baseline 0.001 -18"><span class='ocrx_word' id='word_1_66' title='bbox 301 1098 426 1144; x_wconf 86' lang='lat' dir='ltr'>Iuba</span> <span class='ocrx_word' id='word_1_67' title='bbox 457 1102 587 1145; x_wconf 88' lang='lat' dir='ltr'>circa</span> <span class='ocrx_word' id='word_1_68' title='bbox 622 1097 856 1145; x_wconf 87' lang='lat' dir='ltr'>fruticem</span> <span class='ocrx_word' id='word_1_69' title='bbox 893 1097 1155 1161; x_wconf 85' lang='lat' dir='ltr'>lanugines</span> <span class='ocrx_word' id='word_1_70' title='bbox 1186 1114 1295 1144; x_wconf 89' lang='lat' dir='ltr'>esse</span> <span class='ocrx_word' id='word_1_71' title='bbox 1325 1096 1500 1153; x_wconf 86' lang='lat' dir='ltr'>tradit,</span> <span class='ocrx_word' id='word_1_72' title='bbox 1525 1096 1782 1160; x_wconf 89' lang='lat' dir='ltr'>linteaque</span> 
     </span>
     <span class='ocr_line' id='line_1_14' title="bbox 299 1184 1781 1249; baseline 0 -19"><span class='ocrx_word' id='word_1_73' title='bbox 299 1202 359 1231; x_wconf 89' lang='lat' dir='ltr'>ea</span> <span class='ocrx_word' id='word_1_74' title='bbox 383 1185 565 1232; x_wconf 87' lang='lat' dir='ltr'>Indicis</span> <span class='ocrx_word' id='word_1_75' title='bbox 585 1187 972 1249; x_wconf 85' lang='lat' dir='ltr'>praestantiora,</span> <span class='ocrx_word' id='word_1_76' title='bbox 992 1185 1211 1230; x_wconf 87' lang='lat' dir='ltr'>Arabiae</span> <span class='ocrx_word' id='word_1_77' title='bbox 1234 1191 1406 1230; x_wconf 85' lang='lat' dir='ltr'>autem</span> <span class='ocrx_word' id='word_1_78' title='bbox 1430 1184 1657 1230; x_wconf 89' lang='lat' dir='ltr'>arborem</span> <span class='ocrx_word' id='word_1_79' title='bbox 1675 1184 1693 1213; x_wconf 83' lang='lat'><strong>2</strong></span> <span class='ocrx_word' id='word_1_80' title='bbox 1720 1201 1781 1231; x_wconf 91' lang='lat' dir='ltr'>ex</span> 
     </span>
     <span class='ocr_line' id='line_1_15' title="bbox 299 1270 1779 1335; baseline -0.001 -17"><span class='ocrx_word' id='word_1_81' title='bbox 299 1290 397 1334; x_wconf 88' lang='lat' dir='ltr'>qua</span> <span class='ocrx_word' id='word_1_82' title='bbox 427 1280 592 1319; x_wconf 87' lang='lat' dir='ltr'>vestes</span> <span class='ocrx_word' id='word_1_83' title='bbox 624 1271 812 1319; x_wconf 89' lang='lat' dir='ltr'>faciant</span> <span class='ocrx_word' id='word_1_84' title='bbox 842 1289 994 1335; x_wconf 85' lang='lat' dir='ltr'>cynas</span> <span class='ocrx_word' id='word_1_85' title='bbox 1026 1274 1208 1326; x_wconf 87' lang='lat' dir='ltr'>vocari,</span> <span class='ocrx_word' id='word_1_86' title='bbox 1240 1270 1358 1316; x_wconf 93' lang='lat' dir='ltr'>folio</span> <span class='ocrx_word' id='word_1_87' title='bbox 1386 1270 1586 1334; x_wconf 87' lang='lat' dir='ltr'>palmae</span> <span class='ocrx_word' id='word_1_88' title='bbox 1619 1271 1779 1317; x_wconf 88' lang='lat' dir='ltr'>simili.</span> 
     </span>
     <span class='ocr_line' id='line_1_16' title="bbox 298 1357 1783 1421; baseline 0 -16"><span class='ocrx_word' id='word_1_89' title='bbox 298 1362 367 1405; x_wconf 86' lang='lat' dir='ltr'>sic</span> <span class='ocrx_word' id='word_1_90' title='bbox 400 1359 549 1406; x_wconf 89' lang='lat' dir='ltr'>Indos</span> <span class='ocrx_word' id='word_1_91' title='bbox 582 1377 701 1406; x_wconf 90' lang='lat' dir='ltr'>suae</span> <span class='ocrx_word' id='word_1_92' title='bbox 734 1360 935 1405; x_wconf 89' lang='lat' dir='ltr'>arbores</span> <span class='ocrx_word' id='word_1_93' title='bbox 966 1361 1204 1405; x_wconf 86' lang='lat' dir='ltr'>vestiunt.</span> <span class='ocrx_word' id='word_1_94' title='bbox 1274 1360 1324 1403; x_wconf 92' lang='lat' dir='ltr'>in</span> <span class='ocrx_word' id='word_1_95' title='bbox 1355 1357 1498 1421; x_wconf 90' lang='lat' dir='ltr'>Tyris</span> <span class='ocrx_word' id='word_1_96' title='bbox 1531 1365 1704 1404; x_wconf 90' lang='lat' dir='ltr'>autem</span> <span class='ocrx_word' id='word_1_97' title='bbox 1729 1365 1783 1405; x_wconf 88' lang='lat' dir='ltr'>et</span> 
     </span>
     <span class='ocr_line' id='line_1_17' title="bbox 299 1444 1782 1509; baseline 0.001 -18"><span class='ocrx_word' id='word_1_98' title='bbox 299 1446 395 1491; x_wconf 89' lang='lat' dir='ltr'>alia</span> <span class='ocrx_word' id='word_1_99' title='bbox 419 1448 563 1493; x_wconf 88' lang='lat' dir='ltr'>arbor</span> <span class='ocrx_word' id='word_1_100' title='bbox 586 1446 732 1493; x_wconf 91' lang='lat' dir='ltr'>floret</span> <span class='ocrx_word' id='word_1_101' title='bbox 756 1446 900 1492; x_wconf 88' lang='lat' dir='ltr'>albae</span> <span class='ocrx_word' id='word_1_102' title='bbox 925 1445 1084 1492; x_wconf 90' lang='lat' dir='ltr'>violae</span> <span class='ocrx_word' id='word_1_103' title='bbox 1109 1448 1296 1509; x_wconf 86' lang='lat' dir='ltr'>specie,</span> <span class='ocrx_word' id='word_1_104' title='bbox 1319 1444 1409 1491; x_wconf 92' lang='lat' dir='ltr'>sed</span> <span class='ocrx_word' id='word_1_105' title='bbox 1432 1444 1782 1508; x_wconf 86' lang='lat' dir='ltr'>magnitudine</span> 
     </span>
     <span class='ocr_line' id='line_1_18' title="bbox 299 1532 1737 1598; baseline 0.001 -20"><span class='ocrx_word' id='word_1_106' title='bbox 299 1533 627 1598; x_wconf 88' lang='lat' dir='ltr'>quadruplici,</span> <span class='ocrx_word' id='word_1_107' title='bbox 650 1537 757 1580; x_wconf 88' lang='lat' dir='ltr'>sine</span> <span class='ocrx_word' id='word_1_108' title='bbox 781 1533 952 1589; x_wconf 91' lang='lat' dir='ltr'>odore,</span> <span class='ocrx_word' id='word_1_109' title='bbox 977 1532 1111 1595; x_wconf 92' lang='lat' dir='ltr'>quod</span> <span class='ocrx_word' id='word_1_110' title='bbox 1134 1534 1374 1578; x_wconf 88' lang='lat' dir='ltr'>miremur</span> <span class='ocrx_word' id='word_1_111' title='bbox 1396 1534 1448 1577; x_wconf 92' lang='lat' dir='ltr'>in</span> <span class='ocrx_word' id='word_1_112' title='bbox 1471 1548 1532 1578; x_wconf 90' lang='lat' dir='ltr'>eo</span> <span class='ocrx_word' id='word_1_113' title='bbox 1554 1538 1737 1579; x_wconf 87' lang='lat' dir='ltr'>tractu.</span> 
     </span>
    </p>

    <p class='ocr_par' dir='ltr' id='par_1_5' title="bbox 296 1618 1781 2206">
     <span class='ocr_line' id='line_1_19' title="bbox 361 1618 1780 1682; baseline 0 -16"><span class='ocrx_word' id='word_1_114' title='bbox 361 1620 556 1668; x_wconf 89' lang='lat' dir='ltr'>XXIII.</span> <span class='ocrx_word' id='word_1_115' title='bbox 596 1620 688 1667; x_wconf 89' lang='lat' dir='ltr'>Est</span> <span class='ocrx_word' id='word_1_116' title='bbox 715 1627 767 1667; x_wconf 87' lang='lat' dir='ltr'>et</span> <span class='ocrx_word' id='word_1_117' title='bbox 787 1620 884 1666; x_wconf 85' lang='lat' dir='ltr'>alia</span> <span class='ocrx_word' id='word_1_118' title='bbox 903 1619 1092 1675; x_wconf 88' lang='lat' dir='ltr'>similis,</span> <span class='ocrx_word' id='word_1_119' title='bbox 1107 1618 1326 1665; x_wconf 86' lang='lat' dir='ltr'>foliosior</span> <span class='ocrx_word' id='word_1_120' title='bbox 1343 1625 1535 1674; x_wconf 87' lang='lat' dir='ltr'>tamen,</span> <span class='ocrx_word' id='word_1_121' title='bbox 1550 1621 1780 1682; x_wconf 88' lang='lat' dir='ltr'>roseique</span> 
     </span>
     <span class='ocr_line' id='line_1_20' title="bbox 298 1705 1781 1771; baseline 0.001 -20"><span class='ocrx_word' id='word_1_122' title='bbox 298 1705 446 1763; x_wconf 91' lang='lat' dir='ltr'>floris,</span> <span class='ocrx_word' id='word_1_123' title='bbox 462 1725 613 1770; x_wconf 90' lang='lat' dir='ltr'>quem</span> <span class='ocrx_word' id='word_1_124' title='bbox 639 1715 792 1754; x_wconf 86' lang='lat' dir='ltr'>noctu</span> <span class='ocrx_word' id='word_1_125' title='bbox 810 1710 1127 1771; x_wconf 88' lang='lat' dir='ltr'>conprimens</span> <span class='ocrx_word' id='word_1_126' title='bbox 1147 1708 1341 1770; x_wconf 89' lang='lat' dir='ltr'>aperire</span> <span class='ocrx_word' id='word_1_127' title='bbox 1366 1707 1543 1768; x_wconf 89' lang='lat' dir='ltr'>incipit</span> <span class='ocrx_word' id='word_1_128' title='bbox 1562 1705 1675 1751; x_wconf 89' lang='lat' dir='ltr'>solis</span> <span class='ocrx_word' id='word_1_129' title='bbox 1696 1723 1781 1752; x_wconf 89' lang='lat' dir='ltr'>ex-</span> 
     </span>
     <span class='ocr_line' id='line_1_21' title="bbox 297 1792 1777 1858; baseline 0 -19"><span class='ocrx_word' id='word_1_130' title='bbox 297 1801 427 1850; x_wconf 82' lang='lat' dir='ltr'>ortu,</span> <span class='ocrx_word' id='word_1_131' title='bbox 442 1795 651 1841; x_wconf 91' lang='lat' dir='ltr'>meridie</span> <span class='ocrx_word' id='word_1_132' title='bbox 677 1794 947 1858; x_wconf 86' lang='lat' dir='ltr'>expandit:</span> <span class='ocrx_word' id='word_1_133' title='bbox 984 1792 1176 1840; x_wconf 90' lang='lat' dir='ltr'>incolae</span> <span class='ocrx_word' id='word_1_134' title='bbox 1201 1792 1418 1839; x_wconf 90' lang='lat' dir='ltr'>dormire</span> <span class='ocrx_word' id='word_1_135' title='bbox 1443 1809 1558 1838; x_wconf 86' lang='lat' dir='ltr'>eum</span> <span class='ocrx_word' id='word_1_136' title='bbox 1587 1792 1777 1839; x_wconf 90' lang='lat' dir='ltr'>dicunt.</span> 
     </span>
     <span class='ocr_line' id='line_1_22' title="bbox 298 1879 1779 1945; baseline 0.001 -20"><span class='ocrx_word' id='word_1_137' title='bbox 298 1879 396 1927; x_wconf 88' lang='lat' dir='ltr'>fert</span> <span class='ocrx_word' id='word_1_138' title='bbox 438 1882 617 1928; x_wconf 89' lang='lat' dir='ltr'>eadem</span> <span class='ocrx_word' id='word_1_139' title='bbox 656 1881 817 1928; x_wconf 90' lang='lat' dir='ltr'>insula</span> <span class='ocrx_word' id='word_1_140' title='bbox 858 1888 911 1928; x_wconf 94' lang='lat' dir='ltr'>et</span> <span class='ocrx_word' id='word_1_141' title='bbox 951 1880 1143 1945; x_wconf 88' lang='lat' dir='ltr'>palmas</span> <span class='ocrx_word' id='word_1_142' title='bbox 1185 1879 1420 1942; x_wconf 90' lang='lat' dir='ltr'>oleasque</span> <span class='ocrx_word' id='word_1_143' title='bbox 1461 1896 1518 1924; x_wconf 91' lang='lat' dir='ltr'>ac</span> <span class='ocrx_word' id='word_1_144' title='bbox 1557 1881 1685 1925; x_wconf 89' lang='lat' dir='ltr'>vites</span> <span class='ocrx_word' id='word_1_145' title='bbox 1726 1886 1779 1926; x_wconf 89' lang='lat' dir='ltr'>et</span> 
     </span>
     <span class='ocr_line' id='line_1_23' title="bbox 296 1965 1780 2033; baseline -0.001 -20"><span class='ocrx_word' id='word_1_146' title='bbox 296 1984 410 2014; x_wconf 91' lang='lat' dir='ltr'>cum</span> <span class='ocrx_word' id='word_1_147' title='bbox 443 1968 635 2032; x_wconf 86' lang='lat' dir='ltr'>reliquo</span> <span class='ocrx_word' id='word_1_148' title='bbox 668 1985 930 2033; x_wconf 89' lang='lat' dir='ltr'>pomorum</span> <span class='ocrx_word' id='word_1_149' title='bbox 965 1984 1153 2031; x_wconf 87' lang='lat' dir='ltr'>genere</span> <span class='ocrx_word' id='word_1_150' title='bbox 1188 1966 1320 2013; x_wconf 89' lang='lat' dir='ltr'>ficos.</span> <span class='ocrx_word' id='word_1_151' title='bbox 1390 1965 1510 2012; x_wconf 93' lang='lat' dir='ltr'>nulli</span> <span class='ocrx_word' id='word_1_152' title='bbox 1548 1965 1780 2012; x_wconf 87' lang='lat' dir='ltr'>arborum</span> 
     </span>
     <span class='ocr_line' id='line_1_24' title="bbox 297 2050 1780 2117; baseline 0.001 -19"><span class='ocrx_word' id='word_1_153' title='bbox 297 2052 415 2100; x_wconf 89' lang='lat' dir='ltr'>folia</span> <span class='ocrx_word' id='word_1_154' title='bbox 460 2056 528 2101; x_wconf 93' lang='lat' dir='ltr'>ibi</span> <span class='ocrx_word' id='word_1_155' title='bbox 575 2055 846 2109; x_wconf 80' lang='lat' dir='ltr'>decidunt3</span> <span class='ocrx_word' id='word_1_156' title='bbox 899 2058 1190 2117; x_wconf 87' lang='lat' dir='ltr'>rigaturque</span> <span class='ocrx_word' id='word_1_157' title='bbox 1238 2051 1418 2116; x_wconf 89' lang='lat' dir='ltr'>gelidis</span> <span class='ocrx_word' id='word_1_158' title='bbox 1466 2050 1690 2098; x_wconf 87' lang='lat' dir='ltr'>fontibus</span> <span class='ocrx_word' id='word_1_159' title='bbox 1727 2059 1780 2099; x_wconf 90' lang='lat' dir='ltr'>et</span> 
     </span>
     <span class='ocr_line' id='line_1_25' title="bbox 299 2141 702 2206; baseline 0.01 -22"><span class='ocrx_word' id='word_1_160' title='bbox 299 2141 480 2188; x_wconf 89' lang='lat' dir='ltr'>imbres</span> <span class='ocrx_word' id='word_1_161' title='bbox 506 2145 702 2206; x_wconf 88' lang='lat' dir='ltr'>accipit.</span> 
     </span>
    </p>
   </div>
   <div class='ocr_carea' id='block_1_5' title="bbox 743 2250 1340 2346">
    <p class='ocr_par' dir='ltr' id='par_1_6' title="bbox 743 2250 1340 2346">
     <span class='ocr_line' id='line_1_26' title="bbox 743 2250 1336 2305; baseline -0.005 -13"><span class='ocrx_word' id='word_1_162' title='bbox 743 2253 757 2277; x_wconf 85' lang='lat'>¹</span> <span class='ocrx_word' id='word_1_163' title='bbox 788 2250 883 2305; x_wconf 84' lang='lat' dir='ltr'>(in)</span> <span class='ocrx_word' id='word_1_164' title='bbox 905 2252 1098 2291; x_wconf 76' lang='lat' dir='ltr'>insulae?</span> <span class='ocrx_word' id='word_1_165' title='bbox 1132 2250 1336 2302; x_wconf 76' lang='lat' dir='ltr'>Maykoff.</span> 
     </span>
     <span class='ocr_line' id='line_1_27' title="bbox 746 2305 1340 2346; baseline -0.003 -1"><span class='ocrx_word' id='word_1_166' title='bbox 746 2306 760 2330; x_wconf 88' lang='lat'><strong>²</strong></span> <span class='ocrx_word' id='word_1_167' title='bbox 788 2307 985 2345; x_wconf 87' lang='lat' dir='ltr'>arborem</span> <span class='ocrx_word' id='word_1_168' title='bbox 1006 2305 1093 2346; x_wconf 75' lang='lat' dir='ltr'>edd.</span> <span class='ocrx_word' id='word_1_169' title='bbox 1114 2320 1123 2344; x_wconf 90' lang='lat'><strong>:</strong></span> <span class='ocrx_word' id='word_1_170' title='bbox 1154 2305 1340 2344; x_wconf 85' lang='lat' dir='ltr'>arbores.</span> 
     </span>
    </p>
   </div>
   <div class='ocr_carea' id='block_1_6' title="bbox 520 2507 1556 2555">
    <p class='ocr_par' dir='ltr' id='par_1_7' title="bbox 520 2507 1556 2555">
     <span class='ocr_line' id='line_1_28' title="bbox 520 2507 1556 2555; baseline -0.005 -3"><span class='ocrx_word' id='word_1_171' title='bbox 520 2518 538 2536; x_wconf 82' lang='lat'><strong>⁰</strong></span> <span class='ocrx_word' id='word_1_172' title='bbox 566 2513 868 2552; x_wconf 74' lang='lat' dir='ltr'>Cotton-troes.</span> <span class='ocrx_word' id='word_1_173' title='bbox 1272 2508 1442 2555; x_wconf 43' lang='lat' dir='ltr'>‘Serica</span> <span class='ocrx_word' id='word_1_174' title='bbox 1461 2507 1556 2548; x_wconf 76' lang='lat' dir='ltr'>silk.</span> 
     </span>
    </p>
   </div>
   <div class='ocr_carea' id='block_1_7' title="bbox 301 2593 358 2638">
    <p class='ocr_par' dir='ltr' id='par_1_8' title="bbox 301 2593 358 2638">
     <span class='ocr_line' id='line_1_29' title="bbox 301 2593 358 2638; baseline 0 0"><span class='ocrx_word' id='word_1_175' title='bbox 301 2593 358 2638; x_wconf 85' lang='lat'>28</span> 
     </span>
    </p>
   </div>
  </div>
 </body>
</html>
