1909 2998
246 479 297 517 22

245 1758 298 1795 24

584 184 829 231 PLINY:
894 183 1224 230 NATURAL
1269 184 1566 231 HISTORY

394 312 537 357 Nunc
575 328 658 358 eas
697 328 1005 375 exponemus
1043 327 1167 373 quas
1203 313 1388 358 mirata
1425 318 1503 358 est
1539 311 1814 359 Alexandri

333 392 510 454 Magni
536 394 741 437 victoria
766 392 885 437 orbe
911 408 972 437 eo
997 390 1275 454 patefacto.

393 472 482 518 XI.
525 471 667 517 Ficus
692 472 760 517 ibi
787 474 971 517 eximia
999 488 1167 534 pomo,
1197 487 1250 517 se
1273 474 1382 534 ipsa
1406 487 1604 535 semper
1628 488 1815 528 serens,

330 555 480 598 vastis
513 550 808 597 diffunditur
838 554 988 597 ramis
1022 567 1233 613 quorum
1265 553 1352 596 imi
1383 554 1435 596 in
1466 558 1654 598 terram
1687 551 1815 598 adeo

331 639 600 678 curvantur
630 639 688 678 ut
718 648 883 677 annuo
914 634 1078 695 spatio
1108 631 1381 694 infigantur
1410 648 1691 695 novamque
1722 632 1815 678 sibi

329 715 658 775 propaginem
680 710 869 758 faciant
891 714 1022 757 circa
1041 718 1309 774 parentem
1330 714 1381 756 in
1402 711 1576 758 orbem
1597 711 1815 774 quodam

332 808 483 854 opere
504 795 733 855 topiario.
802 795 935 837 intra
955 807 1160 854 saepem
1183 807 1296 837 eam
1318 794 1570 837 aestivant
1588 798 1815 855 pastores

330 888 538 935 opacam
582 874 772 934 pariter
819 878 870 917 et
917 874 1165 916 munitam
1211 870 1339 916 vallo
1385 871 1590 927 arboris,
1634 871 1816 917 decora

329 954 495 1015 specie
544 952 718 997 subter
764 954 983 997 intuenti
1029 950 1263 1014 proculve
1311 949 1556 996 fornicato
1604 951 1812 997 ambitu.

330 1034 608 1094 superiores
635 1031 861 1077 eiusdem
886 1034 1011 1076 rami
1036 1034 1087 1076 in
1112 1030 1368 1077 excelsum
1394 1033 1613 1077 emicant
1638 1030 1816 1077 silvosa

329 1111 653 1157 multitudine
713 1118 855 1156 vasto
901 1113 1075 1156 matris
1123 1126 1348 1173 corpore,
1394 1117 1450 1156 ut
1497 1110 1595 1156 Lxl
1640 1127 1814 1174 passus

328 1190 601 1254 pleraeque
646 1191 765 1236 orbe
809 1190 1066 1253 colligant,
1110 1191 1287 1236 umbra
1330 1206 1448 1236 vero
1491 1191 1609 1236 bina
1652 1190 1816 1237 stadia

330 1274 573 1334 operiant.
643 1270 873 1317 foliorum
891 1269 1108 1317 latitudo
1125 1269 1296 1333 peltae
1316 1270 1533 1333 effigiem
1551 1270 1816 1317 Amazoni—

329 1368 417 1396 cae
468 1349 652 1405 habet3
723 1368 784 1397 ea
834 1367 985 1397 causa
1036 1349 1254 1396 fructum
1306 1353 1540 1413 integens
1591 1366 1814 1397 crescere

327 1430 579 1494 prohibet,
614 1447 854 1493 rarusque
905 1431 1023 1478 est2
1073 1447 1166 1476 nec
1216 1429 1363 1476 fabae
1413 1430 1815 1493 magnitudinem

329 1511 596 1566 excedens,
645 1511 733 1556 sed
780 1527 871 1574 per
919 1510 1038 1556 folia
1085 1510 1269 1556 solibus
1316 1517 1487 1556 coctus
1534 1510 1815 1574 praedulcis

329 1607 505 1654 sapore
551 1598 605 1637 et
649 1591 828 1653 dignus
873 1590 1112 1636 miraculo
1149 1591 1351 1636 arboris.
1420 1593 1644 1653 gignitur
1686 1593 1816 1636 circa

330 1671 579 1716 Acesinen
604 1674 823 1716 maxime
849 1687 1065 1716 amnem.

392 1751 510 1796 XII.
547 1751 741 1797 Maiore
757 1751 853 1796 alia
865 1767 1015 1814 pomo
1030 1757 1082 1796 et
1097 1753 1346 1796 suavitate
1361 1749 1816 1813 praecellentiore‚³

331 1847 428 1893 quo
467 1834 722 1895 sapientes
763 1831 1002 1877 Indorum
1040 1834 1228 1877 vivunt.
1299 1829 1472 1876 folium
1511 1829 1612 1876 alas
1651 1834 1814 1876 avium

330 1914 556 1956 imitatur
611 1910 927 1973 longitudine
982 1914 1135 1956 trium
1191 1911 1492 1966 cubitorum,
1548 1910 1814 1957 latitudine

329 1991 498 2037 duum.
569 1991 787 2037 fructum
835 1994 1022 2037 cortice
1064 1990 1290 2037 emittit4
1329 1989 1673 2036 admirabilem
1712 1996 1814 2036 suci

329 2071 609 2128 dulcedine,
647 2079 704 2117 ut
741 2088 839 2117 uno
883 2078 1153 2133 quaternos
1196 2073 1363 2116 satiet.
1433 2071 1594 2117 arbori
1632 2087 1813 2117 nomen

411 2180 425 2202 ¹
457 2182 543 2217 XL?
604 2178 655 2216 M
656 2178 808 2229 ayhoff.

406 2232 421 2254 2
450 2237 515 2270 est
534 2231 627 2270 add.
650 2231 737 2271 edd.
759 2247 768 2270 ι
800 2245 918 2270 rarus
941 2232 974 2269 is
994 2235 1271 2282 parvusque?
1303 2231 1508 2282 Maykoff.

405 2285 419 2307 3
453 2285 661 2324 Raekham
687 2285 762 2335 (vel
783 2297 870 2336 qua
886 2298 964 2336 pro
987 2289 1113 2336 quo):
1145 2285 1285 2335 Maj0r
1315 2315 1324 2324 .
1357 2315 1366 2324 .
1400 2315 1409 2324 .
1442 2284 1776 2336 praecellentior.

410 2339 427 2362 ⁴
457 2339 678 2377 Gelenius:
711 2339 861 2378 mittit.

862 2513 882 2532 ⁰
907 2507 983 2547 Le.
1004 2505 1079 2546 the
1101 2506 1287 2558 banyan.

336 2585 391 2630 16
