1909 2998
563 206 806 252 PLINY:
872 206 1201 252 NATURAL
1246 206 1544 253 HISTORY

316 350 372 379 ac
397 336 576 379 sesima
603 340 755 395 atque
783 350 929 396 oryza
956 333 1120 379 facere
1147 333 1397 389 dicuntur,
1426 333 1789 397 Ichthyophagi

232 419 284 458 29
317 431 343 459 e
382 415 611 476 piscibus,
679 416 846 477 inopia
883 417 1019 477 cogit
1058 414 1325 477 aliquando
1364 414 1604 460 luminum
1643 431 1791 461 causa

315 500 368 539 ct
403 510 429 538 e
464 493 654 556 platani
689 493 825 539 bacis
861 493 967 538 ficri
1003 510 1133 556 aqua
1168 500 1220 539 et
1255 493 1357 539 sale
1393 496 1672 540 maceratis.
1740 501 1793 540 et

314 572 675 619 oenanthinum
718 572 903 619 fit-——de
944 575 1053 636 ipsa
1094 572 1347 619 oenanthe
1391 573 1581 619 dictum
1624 580 1702 620 est
1742 576 1793 619 in

315 656 598 716 unguentis.
656 653 886 715 gleucino
902 660 1124 699 mustum
1140 656 1423 716 incoquitur
1439 670 1621 717 vapore
1637 653 1791 712 lento,

314 733 377 778 ab
401 732 506 778 aliis
530 736 635 779 sine
668 736 770 795 igni
804 732 1122 779 circumdatis
1156 736 1370 779 vinaceis
1403 733 1581 780 diebus
1603 748 1685 780 xxl
1718 734 1793 780 bis

313 813 516 876 singulis
562 816 887 876 permixtum,
935 816 1345 876 consumiturque
1394 821 1617 860 mustum
1665 813 1790 860 oleo.

313 892 463 956 aliqui
490 910 589 938 non
614 892 966 956 sampsuchum
991 899 1193 939 tantum
1219 892 1499 939 admiscent
1524 893 1613 940 sed
1639 896 1793 940 etiam

311 976 604 1036 pretiosiora
652 973 996 1029 odoramenta,
1030 980 1088 1019 ut
1112 973 1131 1002 1
1179 976 1230 1019 in
1277 977 1548 1036 gymnasiis
1594 991 1792 1037 quoque

229 1060 282 1098 30
312 1053 543 1099 conditur
564 1054 814 1109 odoribus,
836 1053 926 1100 sed
947 1053 1207 1100 vilissimis.
1277 1054 1333 1100 fit
1357 1061 1410 1100 et
1432 1071 1494 1100 ex
1517 1053 1793 1117 aspalatho,

311 1133 518 1189 calamo,
563 1133 803 1189 balsamo,
847 1135 923 1188 iri,
968 1133 1305 1188 cardamomo,
1351 1133 1592 1189 meliloto,
1637 1134 1793 1180 nardo

313 1213 518 1269 Gallico,
575 1230 785 1277 panace,
845 1212 1158 1277 sampsucho,
1218 1212 1435 1269 helenio,
1493 1216 1792 1259 cinnamomi

311 1293 495 1349 radice,
521 1297 742 1340 omnium
768 1296 895 1340 sucis
921 1296 972 1338 in
999 1293 1109 1339 oleo
1135 1297 1402 1339 maceratis
1429 1296 1790 1358 expressisque.

310 1377 378 1420 sic
410 1381 463 1420 et
493 1373 758 1421 rhodinum
790 1391 819 1419 a
849 1377 990 1430 rosis,
1021 1376 1278 1419 iuncinum
1310 1390 1337 1420 e
1369 1377 1516 1420 iunco
1548 1373 1682 1437 quod
1714 1381 1791 1420 est

310 1471 512 1501 rosaceo
567 1454 887 1510 simillimum,
943 1457 1068 1500 item
1123 1452 1428 1517 hyoscyamo
1484 1460 1538 1500 et
1593 1453 1790 1518 lupinis,

310 1538 539 1581 narcisso.
605 1534 875 1598 plurimum
899 1541 1072 1580 autem
1096 1537 1148 1579 in
1170 1534 1411 1597 Aegypto
1435 1551 1462 1580 e
1485 1533 1694 1598 raphani
1716 1551 1792 1580 se-

309 1618 442 1661 mine
475 1621 563 1661 aut
595 1618 831 1678 graminis
852 1613 872 1642 2
903 1613 1060 1660 herba
1079 1614 1099 1644 3
1132 1614 1267 1677 quod
1298 1613 1560 1660 chortinon
1592 1621 1790 1670 vocant,

225 1701 272 1739 31
301 1698 424 1740 item
451 1711 477 1741 e
503 1698 684 1741 sesima
713 1702 765 1740 et
795 1697 955 1740 urtica
981 1694 1114 1757 quod
1140 1693 1395 1740 cnidinum
1421 1693 1692 1758 appellant.
1761 1710 1788 1740 e

308 1774 408 1821 lilio
433 1782 486 1821 et
509 1775 626 1821 alibi
652 1775 707 1821 fit
731 1775 822 1820 sub
847 1774 933 1821 diu
957 1775 1078 1830 sole,
1103 1774 1236 1829 luna,
1259 1777 1439 1838 pruina
1462 1781 1787 1821 maceratum.

309 1858 406 1901 suis
441 1854 606 1901 herbis
640 1862 947 1918 componunt
982 1858 1114 1900 inter
1149 1854 1520 1917 Cappadociam
1554 1861 1608 1901 et
1643 1854 1789 1900 Gala-

307 1938 431 1981 tiam
457 1935 591 1998 quod
616 1934 910 1998 Selgiticum
936 1942 1135 1990 vocant,
1161 1938 1324 1980 nervis
1351 1934 1622 1980 admodum
1648 1934 1789 1990 utile,

307 2018 433 2060 sicut
477 2018 527 2060 in
573 2015 718 2060 Italia
765 2015 974 2077 Iguvini.
1044 2031 1071 2060 e
1113 2017 1226 2078 pice
1271 2014 1327 2060 fit
1372 2014 1505 2077 quod
1547 2016 1788 2077 pissinum

308 2095 579 2158 appellant,
624 2112 736 2140 cum
780 2097 1027 2157 coquitur,
1073 2094 1338 2140 velleribus
1384 2110 1532 2157 supra
1576 2093 1787 2140 halitum

483 2216 498 2240 ²
529 2214 726 2265 Mayhoff
740 2230 749 2254 ι
780 2215 837 2253 ni.
874 2268 890 2291 ³
927 2268 992 2307 Vl
1026 2267 1052 2305 h
1103 2214 1384 2305 ZRackham:
1415 2214 1620 2265 gramine.

964 2298 973 2306 .
996 2297 1004 2307 .
1057 2281 1101 2306 er
1133 2281 1197 2307 ae.

796 2460 814 2479 ⁰
842 2455 969 2494 From
990 2456 1146 2507 χόρτος,
1167 2468 1300 2506 grass.

799 2508 814 2533 ¹²
843 2508 970 2547 From
991 2508 1117 2560 κνίδη,
1141 2508 1286 2547 nettle.

305 2589 393 2648 308
