1909 2998
248 499 325 536 122

249 863 324 901 123

248 1448 326 1485 124

598 219 842 264 PLINY:
907 219 1236 265 NATURAL
1281 219 1578 266 HISTORY

346 349 561 410 priorem
590 345 806 392 fructum
832 349 1106 409 incipiente
1133 347 1410 410 pubescere
1438 363 1534 392 uva
1559 353 1828 409 peragunt,

348 419 562 465 alterum
586 422 728 464 initio
753 418 948 474 hiemis,
973 419 1145 481 quales
1171 436 1254 465 eos
1280 436 1379 465 non
1402 419 1635 466 traditur.

411 491 575 537 XLII.
609 492 676 537 Et
701 491 912 537 ferulam
937 495 1070 538 inter
1097 500 1331 538 externas
1357 492 1540 538 dixisse
1566 495 1830 538 conveniat

348 566 679 627 arborumque
705 568 878 627 generi
903 565 1238 628 adscripsisse,
1259 568 1493 627 quoniam
1519 565 1830 627 quarundam

348 645 575 693 naturae,
613 641 760 684 sicuti
797 638 1181 701 distinguemus,
1218 638 1410 701 lignum
1448 655 1594 684 omne
1632 641 1829 684 corticis

345 710 453 757 loco
490 710 681 757 habent
720 710 1010 766 forinsecus,
1047 710 1171 774 ligni
1210 719 1382 757 autem
1419 711 1528 757 loco
1566 710 1830 774 fungosam

347 787 481 830 intus
509 784 780 830 medullam
807 792 865 831 ut
891 786 1080 840 sabuci,
1108 785 1359 847 quaedam
1386 801 1502 830 vero
1529 787 1830 831 inanitatem

349 864 406 903 ut
448 857 767 904 harundines.
834 857 995 903 ferula
1037 857 1209 904 calidis
1252 860 1472 903 nascitur
1514 857 1633 903 locis
1677 864 1829 919 atque

347 938 483 976 trans
531 933 705 986 maria,
753 930 1051 993 geniculatis
1099 931 1288 977 nodata
1334 933 1510 994 scapis.
1579 931 1678 976 duo
1725 934 1830 976 eius

346 1020 561 1066 genera:
626 1003 870 1050 nartheca
918 1004 1100 1050 Graeci
1147 1010 1329 1050 vocant
1376 1003 1734 1066 adsurgentem
1780 1007 1828 1049 in

348 1076 686 1131 altitudinem,
728 1075 1041 1122 nartheciam
1081 1093 1199 1122 vero
1240 1093 1441 1140 semper
1480 1075 1734 1122 humilem.
1803 1093 1832 1122 a

347 1150 558 1211 genibus
608 1157 798 1195 exeunt
845 1149 965 1195 folia
1013 1152 1233 1195 maxima
1281 1156 1338 1195 ut
1387 1166 1618 1212 quaeque
1665 1157 1831 1196 terrae

346 1225 601 1286 proxima3
641 1230 814 1269 cetera
835 1230 1017 1268 natura
1040 1223 1221 1269 eadem
1245 1239 1374 1285 quae
1399 1229 1568 1278 aneto,
1592 1230 1645 1268 et
1667 1221 1832 1268 fructu

349 1294 509 1340 simili.
577 1295 699 1341 nulli
731 1294 968 1341 fruticum
999 1295 1178 1341 levitas
1211 1298 1395 1349 maior3
1447 1296 1510 1341 ob
1543 1295 1595 1341 id
1626 1302 1832 1358 gestatu

348 1367 504 1414 facilis
527 1368 817 1414 baculorum
840 1386 985 1414 usum
1008 1371 1261 1414 senectuti
1282 1369 1510 1431 praebet.

413 1440 606 1487 XLIII.
645 1440 829 1487 Semen
858 1441 1049 1487 ferulae
1079 1440 1314 1505 thapsian
1343 1441 1547 1504 quidam
1575 1458 1832 1495 vocavere,

348 1514 553 1578 decepti
578 1517 642 1569 ei,
661 1517 896 1576 quoniam
914 1513 1074 1560 ferula
1092 1517 1197 1560 sine
1214 1514 1367 1560 dubio
1385 1522 1462 1561 est
1478 1513 1693 1577 thapsia,
1711 1513 1802 1560 sed
1814 1513 1832 1542 ¹

349 1590 423 1633 sui
458 1590 677 1649 generis,
700 1586 810 1633 folis
843 1587 1064 1643 feniculi,
1090 1590 1225 1633 inani
1253 1588 1395 1634 caule
1421 1604 1514 1634 nec
1550 1587 1832 1633 excedente

350 1660 512 1706 baculi
559 1660 963 1722 longitudinem3
1023 1677 1197 1707 semen
1246 1660 1392 1722 quale
1441 1659 1650 1715 ferulae,
1692 1660 1832 1706 radix

348 1733 577 1779 candida.
648 1736 804 1779 incisa
837 1733 970 1779 lacte
1004 1741 1179 1779 manat
1218 1741 1271 1780 et
1307 1740 1517 1779 contusa
1549 1747 1694 1787 suco3
1739 1749 1831 1779 nec

347 1809 585 1851 corticem
609 1806 861 1852 abdicant.
931 1809 1097 1852 omnia
1122 1823 1182 1852 ea
1205 1821 1426 1860 venena3
1469 1808 1654 1869 quippe
1679 1808 1831 1852 etiam

348 1877 654 1925 fodientibus
692 1886 841 1925 nocet
877 1882 917 1925 si
953 1882 1160 1924 minima
1197 1882 1386 1942 aspiret
1423 1895 1569 1925 aura:
1617 1881 1832 1925 intume-

931 1989 946 2012 1
984 1986 1064 2027 V.l.
1088 2000 1167 2026 om.
1193 1988 1280 2026 sed.

411 2160 428 2177 ⁰
459 2154 611 2192 Ferula
632 2153 874 2192 communis.

416 2207 430 2230 ὓ
462 2208 585 2257 Pliny
615 2208 780 2255 ignores
809 2207 883 2245 the
914 2206 1138 2245 scholastic
1169 2219 1241 2244 use
1271 2206 1319 2245 of
1343 2206 1430 2245 this
1460 2207 1590 2245 shrub
1623 2208 1673 2255 (it
1702 2209 1736 2246 is
1766 2212 1843 2246 not

358 2261 487 2311 really
518 2274 544 2299 a
573 2262 678 2309 tree)
711 2260 899 2298 attested
932 2260 986 2310 by
1019 2260 1199 2305 Horace,
1230 2259 1417 2298 Juvenal
1447 2260 1531 2298 and
1563 2261 1752 2307 Martia13
1800 2263 1842 2299 in

358 2314 443 2352 this
469 2314 705 2351 connexion
731 2313 804 2352 the
828 2325 954 2351 name
971 2312 1110 2362 ferula
1136 2313 1335 2351 survived
1360 2314 1402 2351 in
1428 2313 1604 2364 English
1628 2327 1843 2364 grammar

359 2366 523 2405 schools
552 2367 636 2405 and
667 2366 844 2417 colleges
872 2379 918 2404 as
948 2366 1046 2416 long
1074 2379 1120 2404 as
1150 2366 1276 2404 Latin
1306 2367 1521 2404 remaincd
1551 2367 1661 2405 their
1690 2367 1839 2406 official

361 2420 578 2470 language.

415 2479 428 2497 ⁶
459 2473 548 2511 viz.
573 2472 761 2522 leapsia
781 2472 1014 2521 ρανῃαηὶσα.

413 2526 430 2550 ‘¹
459 2526 698 2577 According
719 2530 764 2564 to
787 2525 1055 2564 Dioscorides
1077 2526 1110 2564 it
1132 2538 1218 2564 was
1239 2525 1391 2564 valued
1415 2539 1461 2564 as
1481 2538 1505 2564 a
1526 2539 1671 2577 purge.

364 2615 446 2658 170
