1909 2998
547 187 791 234 PLINY:
856 187 1185 234 NATURAL
1231 186 1524 233 HISTORY

295 318 551 361 numinum
573 332 658 361 ora
677 322 1026 378 spectarentur
1047 322 1099 360 et
1119 330 1403 360 mensarum
1422 313 1595 377 pedes.
1662 331 1774 377 pro-

293 389 420 434 dunt
450 389 658 451 Alpibus
687 392 928 435 coercitas
957 395 1014 434 ut
1039 388 1056 417 1
1085 395 1195 433 turn
1224 387 1588 450 inexuperabili
1617 391 1776 433 muni-

294 469 466 507 mento
497 462 682 508 Gallias
711 461 839 508 hanc
867 464 1085 525 primum
1114 460 1346 506 habuisse
1376 476 1579 506 causam
1607 477 1775 525 super-

293 534 535 581 fundendi
571 552 624 581 se
662 535 858 590 Italiae,
896 535 1029 597 quod
1066 534 1243 580 Helico
1279 550 1341 580 ex
1379 533 1624 580 Helvetiis
1659 537 1776 580 civis

293 625 464 654 earum
495 607 724 655 fabrilem
754 609 817 654 ob
847 615 1009 654 artem
1040 608 1230 654 Romae
1259 614 1596 654 commoratus
1626 607 1774 654 ficum

291 685 473 728 siccam
503 690 555 728 et
584 699 731 728 uvam
761 681 959 744 oleique
990 698 1047 727 ac
1076 683 1176 726 vini
1203 683 1480 744 praemissa
1499 681 1518 709 2
1546 697 1776 728 remeans

291 772 460 801 secum
490 756 714 808 tulisset3
760 762 1068 819 quapropter
1102 753 1228 800 haec
1256 753 1335 800 vel
1363 753 1494 800 bello
1524 757 1775 817 quaesisse

293 831 437 875 venia
459 832 539 875 sit.

242 913 266 949 6
354 905 449 951 ΙΙΙ.
489 905 588 951 Sed
622 908 730 968 quis
771 922 869 950 non
909 908 1014 951 iure
1053 907 1263 951 miretur
1301 905 1530 950 arborem
1569 905 1775 950 umbrae

291 984 453 1042 gratia
474 988 673 1027 tantum
696 998 756 1026 ex
778 981 940 1026 alieno
957 983 1176 1044 petitam
1195 980 1314 1026 orbe
1332 980 1349 1025 ?
1402 979 1636 1043 platanus
1653 979 1776 1026 haec

293 1061 386 1109 est,
410 1057 462 1099 in
481 1054 500 1082 3
526 1071 662 1100 mare
691 1055 885 1100 Ionium
908 1053 1167 1100 Diomedis
1190 1053 1352 1100 insula
1377 1060 1526 1099 tenus
1552 1053 1775 1100 eiusdem

291 1128 469 1173 tumuli
522 1131 686 1191 gratia
738 1131 955 1191 primum
1008 1130 1224 1182 invecta,
1280 1126 1396 1173 inde
1451 1129 1503 1172 in
1557 1126 1774 1173 Siciliam

291 1207 600 1264 transgressa
625 1209 778 1263 atque
805 1204 937 1247 inter
959 1203 1144 1264 primas
1165 1200 1354 1246 donata
1381 1199 1576 1258 Italiae,
1598 1207 1652 1247 et
1675 1203 1773 1246 iam

291 1275 353 1319 ad
401 1274 622 1321 Morinos
670 1292 824 1337 usque
869 1282 1106 1337 pervecta
1150 1291 1207 1319 ac
1251 1274 1576 1320 tributarium
1621 1276 1774 1320 etiam

290 1348 521 1394 detinens
565 1348 740 1403 solum,
787 1355 841 1394 ut
884 1355 1064 1410 gentes
1107 1346 1325 1410 vectigal
1368 1354 1421 1393 et
1461 1363 1553 1411 pro
1595 1348 1773 1393 umbra

242 1430 263 1466 7
287 1421 527 1483 pendant.
598 1422 867 1484 Dionysius
896 1424 1030 1484 prior
1057 1420 1255 1467 Siciliae
1284 1427 1527 1484 tyrannus
1557 1420 1773 1484 Regium

290 1497 339 1539 in
371 1496 545 1541 urbem
577 1495 834 1541 transtulit
866 1511 949 1540 eas
981 1494 1157 1541 domus
1189 1510 1309 1540 suae
1339 1494 1650 1550 miraculum,
1681 1495 1766 1540 ubi

289 1575 467 1630 postea
503 1568 693 1614 factum
728 1571 1074 1630 gymnasium3
1128 1585 1222 1615 nec
1255 1570 1480 1630 potuisse
1515 1570 1567 1613 in
1602 1567 1774 1630 ampli-

291 1641 520 1687 tudinem
564 1659 834 1705 augescere
878 1649 967 1688 aut
1006 1641 1126 1688 alias
1165 1641 1318 1687 fuisse
1356 1643 1406 1686 in
1447 1640 1595 1687 Italia
1641 1645 1774 1687 omni

242 1724 265 1759 8
290 1731 345 1760 ac
383 1714 653 1777 Spaniam4
710 1715 843 1778 apud
896 1722 1124 1761 auctores
1178 1717 1444 1761 invenitur.
1528 1715 1611 1761 IV.
1665 1715 1774 1761 Hoc

291 1795 458 1833 actum
477 1792 606 1834 circa
630 1797 810 1852 captae
831 1789 964 1834 urbis
986 1796 1239 1842 aetatem3
1277 1795 1577 1850 tantumque
1596 1796 1773 1851 postea

292 1860 487 1907 honoris
513 1865 720 1908 increvit
747 1869 802 1908 ut
827 1879 965 1908 mero
990 1861 1153 1907 infuso
1180 1864 1524 1907 enutriantur:
1567 1879 1773 1925 conper—

292 1942 397 1980 tum
414 1935 460 1979 id
479 1938 694 1981 maxime
709 1935 946 1998 prodes-:se
963 1935 1229 1990 radicibus,
1244 1935 1602 1997 docuimusque
1619 1938 1772 1981 etiarn

292 2009 489 2054 arbores
514 2012 625 2054 vina
647 2016 824 2072 potare
843 2009 851 2055 !

359 2109 374 2134 ¹
407 2110 624 2159 Maylzoff:
657 2114 713 2148 eb.
837 2109 853 2133 ²
889 2109 966 2149 VJ.
988 2110 1211 2160 promissa.
1339 2109 1355 2132 ³
1386 2110 1429 2148 in
1448 2109 1542 2147 add.
1569 2109 1769 2160 Mayhoff.

358 2162 372 2185 ⁴
402 2161 530 2200 Italia
551 2164 668 2201 omni
684 2176 733 2201 ac
750 2163 953 2213 Spaniam
977 2163 1259 2212 Warmassnqton
1274 2161 1365 2201 coll.
1384 2162 1586 2212 Theophr.
1604 2177 1612 2201 :
1644 2162 1771 2202 Italia

304 2228 352 2253 ac
373 2217 631 2255 nominatim
654 2216 876 2266 Hispania.

348 2339 365 2355 ⁰
394 2332 483 2370 The
501 2332 668 2380 vectigyal
683 2332 884 2371 solarium
903 2333 1094 2383 imposed
1115 2346 1169 2372 on
1188 2332 1262 2371 the
1281 2333 1518 2383 provinces.

350 2385 364 2409 ⁶
393 2385 603 2435 Spaniam
624 2399 671 2424 or
691 2387 907 2436 Hispania
932 2392 958 2433 Ψ
974 2388 1104 2437 Spain
1122 2386 1257 2436 ‘)——so
1274 2387 1486 2426 MSS.—is
1502 2399 1527 2425 a,
1549 2387 1766 2426 mistrans-

297 2439 430 2477 lation
453 2452 500 2477 or
524 2439 782 2490 misreading
803 2439 852 2477 of
869 2439 1205 2491 Theophrastus’
1231 2439 1402 2480 σπανίαν
1431 2440 1568 2491 (‘rare
1584 2441 1611 2489 ')
1634 2440 1677 2480 δὲ
1699 2441 1765 2480 καὶ

296 2491 336 2530 ἐν
356 2496 405 2542 τῇ
427 2491 580 2542 Ἰταλίᾳ
599 2492 723 2542 πάσῃ.

347 2551 361 2569 ⁶
391 2546 455 2595 By
477 2545 551 2584 the
572 2545 717 2593 Gauls,
739 2546 819 2585 390
843 2555 925 2586 B.O.

294 2620 322 2665 6
