1925 2998
590 190 836 237 PLINY:
900 187 1230 234 NATURAL
1276 187 1573 234 HISTORY

344 322 538 366 Dianae
600 336 629 364 a
690 315 947 380 Zacyntho
1008 316 1250 362 advectae
1311 332 1425 360 cum
1485 315 1822 361 conditoribus

344 403 483 445 annis
523 415 578 445 cc
621 405 740 444 ante
778 396 1028 443 excidium
1061 396 1258 449 Troiae,
1291 401 1349 440 ut
1382 401 1556 440 auctor
1588 401 1667 441 est
1704 395 1824 441 Boc-

342 479 490 533 chus;
536 481 668 523 intra
691 477 709 506 1
750 480 914 540 ipsum
961 474 1200 538 oppidum
1246 474 1297 520 id
1342 473 1825 538 habent—pepercit

342 559 581 622 religione
607 557 839 603 inductus
866 554 1398 618 Hannibal—iuniperi
1421 554 1646 600 trabibus
1671 557 1825 601 etiam

240 645 317 684 217
343 656 472 685 nunc
523 638 834 684 durantibus.
903 651 1053 699 super
1106 637 1273 680 omnia
1326 641 1633 680 memoratur
1686 633 1825 681 aedis

342 718 524 765 Aulide
545 717 771 764 eiusdem
790 716 918 762 deae
938 714 1147 761 saeculis
1168 714 1358 777 aliquot
1373 713 1393 742 ²
1418 721 1537 761 ante
1556 713 1824 760 Troianum

343 799 530 845 bellum
548 797 897 851 exaedificata,
916 811 1134 858 quonam
1150 811 1338 858 genere
1355 796 1599 841 materiae
1616 797 1827 841 scientia

343 879 649 925 oblitterata.
718 880 768 922 in
787 876 995 940 plenum
1015 875 1113 922 dici
1131 881 1304 938 potest
1324 877 1500 936 utique
1523 891 1652 937 quae
1673 874 1825 921 odore

240 966 318 1006 218
339 958 649 1024 praecellant
670 973 753 1004 eas
775 963 828 1003 et
849 958 1155 1002 aeternitate
1173 961 1449 1018 praestare.
1510 971 1539 999 a
1555 954 1826 1018 praedictis

343 1056 509 1085 morus
544 1053 790 1102 proxume
828 1036 1063 1082 laudatur
1100 1051 1229 1097 quae
1267 1041 1524 1080 vetustate
1564 1037 1719 1080 etiam
1755 1037 1827 1081 ni-

342 1122 541 1183 grescit.
611 1125 664 1164 et
689 1117 939 1180 quaedam
964 1123 1139 1162 tamen
1164 1118 1215 1160 in
1240 1114 1346 1160 aliis
1372 1115 1685 1161 diuturniora
1710 1122 1828 1161 sunt

345 1200 513 1246 usibus
548 1215 699 1261 quam
732 1196 915 1242 alias3:
962 1195 1123 1242 ulmus
1155 1198 1208 1241 in
1237 1193 1456 1259 perflatu
1488 1195 1648 1250 firma,
1680 1195 1829 1241 robur

344 1279 599 1326 defossum
630 1285 683 1324 et
713 1280 764 1323 in
796 1279 935 1340 aquis
968 1292 1178 1338 quercus
1210 1276 1419 1330 obruta3
1468 1274 1648 1321 eadem
1679 1292 1828 1339 supra

345 1367 532 1406 terram
580 1362 762 1404 rimosa
810 1356 931 1403 facit
979 1372 1133 1420 opera
1179 1354 1463 1418 torquendo
1511 1371 1637 1402 sese.
1705 1355 1829 1401 larix

344 1443 395 1485 in
433 1455 604 1486 umore
640 1441 913 1502 praecipua
952 1444 1005 1482 et
1044 1436 1184 1482 alnus
1223 1438 1392 1498 nigra3
1448 1435 1598 1481 robur
1635 1438 1828 1482 marina

347 1537 477 1582 aqua
533 1521 891 1580 conrumpitur.
961 1533 1060 1562 non
1117 1516 1411 1578 inprobatur
1468 1522 1522 1561 et
1578 1514 1722 1578 fagus
1779 1518 1830 1562 in

344 1617 474 1662 aqua
502 1607 554 1645 et
582 1598 794 1661 iuglans,
820 1596 916 1644 hae
946 1597 1150 1659 quidem
1177 1599 1229 1641 in
1254 1599 1312 1641 iis
1341 1612 1470 1658 quae
1507 1594 1831 1642 defodiuntur

346 1680 424 1726 vel
449 1678 765 1742 principales,
789 1681 915 1723 item
940 1679 1194 1739 iuniperus
1219 1675 1421 1738 (eadem
1447 1682 1500 1722 et
1524 1675 1829 1721 subdialibus

347 1759 641 1822 aptissima),
695 1757 839 1822 fagus
892 1764 946 1804 et
997 1773 1164 1803 cerrus
1216 1755 1449 1802 celeriter
1499 1763 1829 1810 marcescunt,

242 1846 321 1886 219
346 1840 572 1886 aesculus
599 1855 799 1901 quoque
826 1840 1011 1884 umoris
1037 1839 1305 1899 inpatiens.
1372 1842 1549 1882 contra
1574 1835 1755 1881 adacta
1779 1838 1831 1881 in

346 1928 534 1967 terram
555 1923 606 1965 in
626 1918 933 1981 palustribus
956 1917 1096 1963 alnus
1119 1923 1328 1962 aeterna
1349 1918 1613 1977 onerisque
1635 1918 1830 1978 quanti-

347 2001 472 2047 libet
485 2002 700 2062 patiens.
768 2014 968 2044 cerasus
984 1997 1142 2052 firma,
1158 1996 1320 2042 ulmus
1337 2002 1390 2042 et
1404 1994 1627 2041 fraxinus
1640 1994 1829 2051 lentae,

348 2080 438 2127 sed
471 2079 615 2125 facile
651 2078 955 2141 pandantur,
991 2076 1182 2123 flexiles
1217 2083 1408 2131 tamen,
1444 2082 1738 2137 stantesque
1773 2092 1830 2121 ac

347 2162 692 2206 circumcisura
710 2161 926 2204 siccatae
948 2156 1235 2202 fideliores.⁴¹
1283 2156 1486 2201 laricem
1505 2157 1556 2200 in
1570 2157 1829 2201 maritimis

687 2317 703 2341 ¹
734 2317 880 2355 intra?
913 2315 964 2353 M
966 2314 1110 2365 ayhoff
1125 2329 1133 2353 :
1164 2313 1289 2354 infra.

686 2371 701 2393 ²
731 2370 896 2419 aliquot
916 2368 1010 2407 add.
1033 2367 1207 2407 Brotier.

687 2424 702 2446 ³
732 2422 837 2462 alias
859 2422 920 2460 vel
938 2422 982 2460 in
1002 2421 1126 2460 aliis?
1159 2419 1357 2470 Mayhoff
1370 2434 1379 2458 :
1410 2419 1507 2458 alia.

686 2477 701 2500 4
730 2477 914 2515 siccatae
933 2475 1045 2514 fiunt
1065 2474 1255 2513 duriores
1275 2472 1496 2525 Detlessen.

350 2575 438 2635 528
