1909 2998
226 411 277 448 38

227 1129 278 1167 39

227 1760 278 1797 40

557 184 801 230 PLINY:
866 183 1195 230 NATURAL
1240 181 1537 229 HISTORY

307 312 562 359 candidior
605 314 846 358 nostratia
890 314 1228 374 cognominat,
1259 309 1423 356 odoris
1460 312 1787 374 praestantis-

311 405 434 448 simi.
502 409 579 448 est
619 409 671 448 et
712 401 1054 464 Neapolitanis
1094 418 1209 447 suus
1249 399 1421 446 honos.
1490 403 1683 446 minora
1723 415 1786 446 ex

308 491 485 538 eodem
525 507 711 554 genere
753 490 981 537 struthea
1023 490 1274 536 odoratius
1314 490 1529 546 vibrant,
1565 491 1785 536 serotino

307 588 567 644 proventu,
609 584 838 644 praecoci
883 597 999 626 vero
1043 586 1256 626 mustea.
1329 577 1570 626 strutheis
1615 585 1787 625 autem

307 678 518 717 cotonea
547 673 695 716 insita
725 687 868 716 suum
898 687 1056 733 genus
1087 669 1257 716 fecere
1293 668 1626 724 Mulvianum,
1657 684 1786 731 quae

308 761 411 806 sola
449 777 510 806 ex
550 759 624 806 his
663 760 741 806 vel
779 760 931 806 cruda
970 760 1292 815 manduntur,
1334 762 1435 805 iam
1475 765 1529 806 et
1569 761 1786 804 virorum

308 850 607 897 salutatoriis
643 850 877 896 cubiculis
918 850 1106 896 inclusa
1147 866 1204 896 ac
1245 848 1521 896 simulacris
1562 850 1787 894 noctium

308 943 511 987 consciis
555 943 784 1004 inposita.
853 947 968 986 sunt
1010 947 1280 1003 praeterea
1323 955 1479 1002 parva
1524 938 1788 994 silvestria,

311 1048 336 1077 e
361 1029 598 1077 strutheis
623 1030 967 1077 odoratissima
991 1037 1044 1077 et
1067 1033 1117 1076 in
1143 1030 1378 1093 saepibus
1404 1031 1680 1076 nascentia.

372 1120 462 1167 XI.
505 1120 642 1166 Mala
667 1121 990 1184 appellamus,
1017 1137 1320 1183 quamquam
1351 1120 1532 1166 diversi
1570 1121 1788 1182 generis,

310 1209 505 1257 Persica
530 1218 582 1257 et
605 1218 833 1274 granata,
859 1228 987 1274 quae
1016 1214 1067 1256 in
1098 1209 1295 1257 Punicis
1326 1210 1583 1256 arboribus
1607 1225 1787 1255 novem

309 1318 550 1364 generum
588 1301 725 1347 dicta
762 1308 892 1347 sunt.
959 1300 1033 1347 his
1073 1303 1242 1347 acinus
1281 1301 1372 1347 sub
1411 1302 1598 1347 cortice
1636 1301 1789 1354 intus,

308 1391 400 1437 illis
447 1391 637 1454 lignum
685 1394 737 1436 in
784 1407 1006 1454 corpore.
1074 1407 1168 1437 nec
1211 1407 1311 1436 non
1360 1397 1414 1437 et
1465 1388 1716 1453 quaedam
1761 1405 1789 1435 e

307 1484 425 1544 piris
462 1481 655 1527 libralia
696 1481 951 1545 appellata
993 1480 1378 1544 amplitudinem
1421 1480 1513 1526 sibi
1554 1479 1790 1543 ponderis

309 1574 507 1618 nomine
534 1571 785 1618 adserunt.
853 1571 943 1618 sed
978 1569 1287 1617 Persicorum
1321 1570 1493 1634 palma
1517 1569 1790 1616 duracinis:

310 1665 568 1708 nationum
621 1660 811 1708 habent
864 1678 1143 1724 cognomen
1198 1660 1391 1707 Gallica
1444 1667 1498 1707 et
1551 1660 1788 1706 Asiatica.

309 1759 423 1815 post
451 1759 747 1798 autumnum
774 1759 1118 1798 maturescunt
1146 1752 1387 1806 Asiatica,
1417 1756 1616 1797 aestate
1644 1766 1790 1814 prae-

310 1845 446 1887 cocia
498 1845 629 1888 intra
667 1858 762 1887 xxx
803 1859 956 1888 annos
996 1848 1200 1904 reperta
1254 1848 1307 1887 et
1359 1843 1521 1904 primo
1575 1839 1791 1886 denariis

311 1932 502 1994 singula
537 1932 856 1978 venumdata.
925 1935 1216 1994 supernatia
1258 1948 1285 1977 e
1328 1929 1522 1977 Sabinis
1564 1933 1790 1986 veniunt,

310 2022 566 2084 popularia
625 2023 860 2085 undique.
940 2038 1145 2085 pomum
1204 2024 1474 2067 innocuum
1534 2023 1792 2083 expetitur

312 2116 488 2175 aegris,
510 2116 828 2176 pretiumque
858 2116 958 2158 iam
982 2112 1185 2175 singulis
1211 2115 1390 2158 triceni
1416 2113 1606 2157 nummi
1631 2109 1790 2167 fuere,

313 2202 488 2248 nullius
519 2206 722 2259 maiore,
755 2203 887 2266 quod
917 2206 1170 2257 miremur,
1197 2205 1313 2265 quia
1349 2219 1447 2247 non
1482 2200 1617 2247 aliud
1651 2199 1791 2265 fuga-

356 2406 374 2424 ⁰
405 2401 498 2447 I.e.,
522 2402 797 2452 apparently,
820 2400 979 2440 malum
1001 2414 1191 2439 aureum.

358 2455 372 2478 ⁶
400 2454 475 2493 I.e.
498 2460 663 2493 statues
684 2454 733 2493 of
749 2454 901 2493 deities
923 2454 1124 2504 standing
1146 2455 1189 2492 in
1212 2453 1453 2493 bedrooms.

355 2515 367 2532 ⁰
395 2508 486 2547 'she
504 2508 699 2548 Adriatic
715 2521 789 2547 sea
805 2521 892 2547 was
913 2508 1047 2547 called
1068 2508 1188 2547 Mare
1208 2508 1435 2559 Superum,
1459 2511 1469 2528 ‘
1487 2506 1634 2558 Upper
1655 2507 1736 2547 Sea
1750 2507 1775 2547 '.

315 2600 402 2643 314
