1909 2998
235 1187 287 1226 20

239 1938 286 1976 21

563 195 808 242 PLINY:
872 193 1200 241 NATURAL
1244 193 1540 241 HISTORY

313 323 568 379 lateribus,
602 339 695 369 nec
729 339 843 368 cum
877 321 1065 368 cadunt
1100 320 1422 367 flavescentia
1456 328 1513 367 ut
1547 320 1667 384 fagi,
1698 336 1789 385 pro

314 429 596 477 differentia
619 446 863 493 generum
888 429 1116 474 breviora
1141 427 1220 474 vel
1245 427 1482 491 longiora.

379 537 508 583 Ilicis
544 536 642 583 duo
679 552 880 600 genera.
950 551 1012 581 ex
1050 534 1123 581 his
1160 538 1210 580 in
1249 534 1396 580 Italia
1431 533 1548 581 folio
1584 551 1683 581 non
1717 537 1791 582 ita

315 643 529 690 multum
552 643 615 689 ab
637 643 757 690 oleis
779 642 971 689 distant
992 641 1195 688 milaces
1218 658 1247 687 a
1269 641 1566 704 quibusdam
1589 642 1792 689 Graecis

316 751 509 805 dictae;
569 753 619 796 in
660 752 922 813 provinciis
967 748 1232 812 aquifoliae
1276 755 1393 795 sunt
1433 748 1584 795 ilices.
1652 748 1792 813 glans

317 861 575 920 utriusque
600 858 796 904 brevior
821 863 873 903 et
898 856 1143 919 gracilior,
1169 872 1319 918 quam
1345 855 1593 903 Homerus
1619 855 1791 903 aculon

317 965 538 1029 appellat
567 981 727 1028 eoque
757 967 956 1010 nomine
986 980 1015 1010 a
1043 963 1226 1027 glande
1257 963 1536 1027 distinguit.
1604 980 1793 1011 mascu-

319 1072 390 1120 las
410 1072 546 1119 ilices
566 1078 757 1135 negant
778 1070 923 1118 ferre.

385 1180 537 1226 Glans
575 1182 765 1243 optima
800 1182 850 1224 in
887 1195 1074 1242 quercu
1110 1185 1263 1242 atque
1300 1178 1643 1242 grandissima,
1679 1197 1792 1226 mox

319 1287 533 1343 aesculo,
581 1303 698 1333 nam
751 1287 913 1333 robori
964 1303 1133 1350 parva,
1185 1303 1323 1333 cerro
1377 1288 1550 1343 tristis,
1598 1263 1797 1335 horrida

319 1393 551 1442 echinato
592 1394 761 1458 calyce
803 1410 898 1440 ceu
938 1400 1220 1440 castaneae.
1288 1393 1377 1440 sed
1419 1400 1473 1440 et
1513 1395 1564 1440 in
1607 1411 1796 1457 querna

321 1501 418 1548 alia
482 1501 670 1548 dulcior
735 1501 1027 1564 molliorque
1094 1500 1329 1557 feminae,
1393 1504 1518 1547 mari
1582 1504 1794 1566 spissior.

320 1612 538 1656 maxime
599 1616 770 1655 autem
805 1609 1081 1673 probantur
1120 1607 1358 1655 latifoliae
1401 1625 1464 1655 ex
1500 1617 1797 1672 argumento

321 1717 514 1764 dictae:
561 1717 751 1763 distant
780 1719 911 1763 inter
938 1733 991 1763 se
1019 1716 1367 1779 magnitudine
1398 1723 1451 1763 et
1478 1719 1605 1763 eutis
1633 1720 1797 1764 tenui·

320 1830 448 1880 tate,
479 1826 602 1871 item
636 1823 769 1887 quod
803 1823 907 1870 aliis
940 1824 1113 1870 subest
1145 1826 1317 1870 tunica
1348 1824 1574 1887 robigine
1607 1825 1798 1882 scabra,

322 1931 427 1978 aliis
445 1933 672 1995 protinus
693 1930 962 1976 candidum
983 1947 1176 1994 corpus.
1243 1930 1486 1994 probatur
1507 1938 1559 1978 et
1581 1948 1642 1978 ea
1661 1933 1798 1979 cuius

322 2042 373 2085 in
392 2038 572 2085 balano
593 2041 845 2100 utrimque
868 2054 930 2084 ex
952 2037 1265 2101 longitudine
1288 2044 1517 2085 extrema
1536 2038 1799 2103 lapidescit

323 2145 522 2201 duritia,
559 2145 732 2191 melior
767 2147 845 2190 cui
882 2147 932 2190 in
968 2147 1152 2191 cortice
1191 2161 1340 2208 quam
1377 2148 1455 2191 cui
1491 2148 1541 2192 in
1576 2163 1796 2211 corpore,

324 2259 593 2315 utrumque
622 2269 721 2298 non
749 2254 841 2298 nisi
869 2254 1008 2297 mari.
1074 2259 1341 2315 praeterea
1369 2252 1474 2299 aliis
1502 2260 1666 2309 ovata,
1694 2254 1799 2301 aliis

324 2359 556 2415 rotunda,
597 2359 701 2405 aliis
742 2362 932 2405 acutior
973 2358 1147 2422 figura,
1187 2362 1314 2406 sicut
1355 2367 1408 2406 et
1447 2360 1577 2406 colos
1616 2364 1800 2425 nigrior

325 2467 658 2523 candidiorve‚
692 2468 773 2533 qui
805 2464 1102 2530 praefertur.
1172 2466 1452 2514 amaritudo
1484 2469 1533 2513 in
1566 2471 1798 2515 extremi—

322 2602 410 2644 400
