1909 2998
237 475 289 513 22

236 913 287 952 23

573 196 816 242 PLINY:
882 196 1211 244 NATURAL
1256 196 1552 244 HISTORY

320 324 527 379 tatibus,
570 324 767 369 mediae
810 323 1008 379 dulces3
1069 327 1188 386 quin
1231 329 1284 369 et
1323 323 1540 386 pediculi
1582 325 1800 370 brevitas

321 399 695 459 proceritasque
720 395 1055 442 differentiam
1079 396 1249 442 habet.

386 470 443 515 In
463 473 579 532 ipsis
601 486 717 516 vero
739 471 994 515 arboribus
1017 487 1146 533 quae
1169 473 1441 516 maximam
1462 469 1562 517 fert
1583 469 1799 517 hemeris

322 550 542 598 vocatur,
561 544 756 589 brevior
776 550 828 589 et
846 546 897 588 in
916 544 1089 588 orbem
1107 560 1308 589 comosa
1327 543 1530 606 alasque
1550 560 1800 590 ramorum

319 617 491 662 crebro
543 623 734 662 cavata.
803 615 978 662 fortius
1031 616 1222 679 lignum
1276 633 1486 679 quercus
1538 615 1694 663 habet
1748 624 1801 663 et

319 692 665 750 incorruptius,
713 706 908 735 ramosa
956 696 1009 735 et
1056 693 1180 752 ipsa,
1227 692 1479 752 procerior
1526 696 1699 736 tamen
1748 696 1802 736 et

318 766 522 808 crassior
562 763 796 817 caudice3
857 762 1192 809 excelsissima
1234 770 1406 809 autem
1448 763 1688 827 aegilops,
1730 766 1802 809 in-

318 835 461 881 cultis
487 839 658 882 amica.

382 909 462 954 Ab
504 908 596 954 hac
632 912 861 972 proxima
897 909 1138 955 latifoliae
1174 912 1466 973 proceritas,
1504 910 1593 956 sed
1639 913 1800 956 minus

310 981 442 1028 utilis
477 982 714 1029 aedificiis
750 990 903 1045 atque
939 983 1157 1037 carboni,
1193 982 1364 1028 dolata
1407 986 1536 1028 vitiis
1585 984 1800 1029 obnoxia

319 1062 412 1110 est,
456 1057 782 1119 quamobrem
824 1056 982 1102 solida
1025 1063 1250 1102 utuntur.
1337 1057 1485 1102 carbo
1527 1059 1578 1102 in
1620 1060 1801 1103 aerari-

318 1145 458 1174 orum
485 1136 686 1176 tantum
713 1129 916 1175 officinis
944 1129 1243 1193 conpendiO,
1272 1132 1509 1192 quoniam
1536 1129 1800 1176 desinente

320 1200 443 1248 flatu
470 1206 696 1265 protinus
728 1206 973 1249 emoriens
1004 1206 1202 1266 saepius
1233 1206 1538 1265 recoquitur,
1569 1209 1797 1249 ceterum

317 1275 556 1338 plurimus
592 1276 828 1322 scintillis.
897 1276 1033 1322 idem
1070 1293 1097 1322 e
1134 1275 1340 1322 novellis
1378 1276 1568 1322 melior.
1638 1280 1799 1322 acervi

317 1352 556 1396 consertis
588 1349 733 1395 taleis
765 1350 1054 1396 recentibus
1087 1349 1194 1395 luto
1227 1352 1558 1405 caminantur,
1593 1366 1803 1396 accensa

317 1428 453 1468 strue
504 1425 663 1469 contis
713 1426 955 1486 pungitur
1007 1422 1275 1469 durescens
1327 1422 1472 1486 calyx
1525 1429 1678 1485 atque
1729 1425 1803 1469 ita

317 1495 548 1542 sudorem
573 1499 776 1542 emittit.

384 1567 605 1615 Pessima
632 1576 685 1616 et
711 1570 911 1616 carboni
951 1576 1002 1616 et
1039 1572 1282 1616 materiae
1311 1567 1620 1631 haliphloeos
1648 1569 1802 1626 dicta,

317 1645 395 1687 cui
427 1645 755 1689 crassissimus
788 1651 963 1689 cortex
999 1650 1153 1705 atque
1187 1642 1384 1689 caudex
1419 1650 1472 1689 et
1502 1642 1801 1706 plerumque

316 1732 464 1762 cavus
501 1716 867 1780 fungosusque3
921 1734 1014 1763 nec
1049 1716 1147 1762 alia
1180 1716 1292 1762 ital
1325 1719 1573 1780 putrescit
1608 1733 1671 1763 ex
1707 1716 1802 1763 hoc

317 1805 521 1851 genere,
544 1793 699 1836 etiam
722 1807 835 1836 cum
858 1793 993 1836 vivit.
1064 1792 1183 1852 quin
1206 1796 1258 1836 et
1280 1788 1488 1836 fulmine
1511 1792 1801 1853 saepissime

317 1863 500 1918 icitur,2
533 1866 757 1925 quamvis
794 1863 1061 1909 altitudine
1098 1879 1198 1908 non
1231 1862 1474 1918 excellat3
1518 1863 1633 1909 ideo
1668 1863 1802 1926 ligno

318 1938 422 1981 eius
460 1953 551 1982 nec
589 1937 652 1983 ad
689 1937 928 1983 sacrificia
964 1939 1038 1983 uti
1076 1936 1150 1982 fas
1187 1935 1418 1982 habetur.
1488 1936 1654 1983 eidem
1690 1953 1801 1983 rara

317 2008 457 2071 glans
481 2017 550 2065 et,
571 2027 685 2056 cum
707 2010 841 2066 tulit,
865 2027 1051 2065 amara,
1076 2026 1227 2072 quam
1246 2016 1454 2073 praeter
1475 2026 1588 2056 sues
1611 2009 1801 2056 nullum

520 2107 534 2131 1
563 2108 724 2157 pariter
742 2106 804 2145 vel
822 2107 883 2146 ita
903 2106 997 2146 add.
1015 2109 1031 2146 ἲ
1063 2120 1110 2145 ex
1133 2106 1415 2157 Theophrasto
1437 2106 1643 2157 Mayhoff.

517 2160 533 2183 ²
562 2159 697 2199 Edd.:
730 2161 896 2199 iacitur.

374 2301 391 2319 ⁰
421 2295 509 2334 The
532 2295 843 2335 identification
864 2295 913 2335 of
930 2295 1015 2335 this
1038 2296 1205 2347 variety
1228 2296 1261 2334 is
1283 2296 1518 2336 uncertain.

372 2348 388 2373 ⁶
418 2348 476 2388 Or
494 2349 678 2400 perhaps
693 2349 702 2364 ‘
721 2349 807 2388 and
827 2349 961 2388 which
982 2349 1128 2388 makes
1146 2363 1171 2388 a
1184 2349 1313 2388 dense
1331 2362 1498 2400 canopy
1513 2349 1563 2388 of
1575 2349 1800 2400 spreading

319 2402 552 2448 branehes,’
575 2402 656 2449 i.e.‚
679 2402 852 2454 spreads
874 2408 951 2442 out
972 2403 1027 2442 its
1049 2402 1256 2442 branches
1276 2402 1429 2455 evenly
1450 2403 1532 2442 like
1554 2403 1628 2442 the
1649 2403 1734 2442 ribs
1755 2404 1804 2442 os

316 2468 371 2495 an
392 2456 612 2495 umbrella.

370 2513 384 2531 ⁶
414 2509 450 2548 A
472 2510 639 2561 variety
660 2509 708 2547 os
724 2510 805 2548 oak
830 2510 930 2548 with
952 2510 1089 2549 edible
1111 2522 1272 2549 acorns.

317 2598 402 2639 402
