1909 2998
588 185 831 231 PLINY:
895 184 1222 231 NATURAL
1267 183 1563 230 HISTORY

254 318 304 358 77
339 315 510 375 spissa,
532 319 774 374 argenteo
794 311 925 357 folio.
994 328 1093 356 non
1113 314 1205 356 nisi
1225 314 1274 356 in
1296 313 1491 373 aquosis
1509 313 1809 374 proveniunt

336 378 528 434 salices,
556 378 671 433 alni,
697 377 885 441 populi,
913 377 1043 433 siler,
1070 377 1278 439 ligustra
1304 380 1505 423 tesseris
1533 377 1811 432 utilissima,

336 447 459 490 item
495 447 715 490 vaccinia
751 443 927 489 Italiae
964 446 1014 488 in
1050 446 1269 506 aucupiis
1305 450 1431 498 sata,
1468 442 1659 489 Galliae
1695 459 1811 489 vero

337 513 491 557 etiam
537 526 787 574 purpurae
835 509 1143 573 tinguendae
1191 526 1341 555 causa
1388 509 1452 555 ad
1498 512 1810 556 servitiorum

337 583 516 622 vesteS.
585 593 931 639 quaecumque
963 578 1247 622 communia
1277 582 1393 621 sunt
1423 576 1676 622 montibus
1705 575 1811 638 pla-

337 646 529 705 nisque,
561 646 749 688 maiora
775 642 901 688 fiunt
938 649 992 688 et
1010 642 1029 671 1
1054 649 1262 704 aspectu
1289 640 1571 704 pulchriora
1595 658 1723 704 quae
1759 645 1810 687 in

335 710 715 772 campestribus,
746 708 953 754 meliora
984 715 1155 754 autem
1187 707 1369 763 fructu,
1400 711 1612 754 materie
1643 710 1811 771 crispi-

336 792 422 821 ora
444 791 573 837 quae
593 776 612 804 2
634 779 685 820 in
706 775 976 829 montibus,
999 777 1226 837 exceptis
1248 774 1389 819 malis
1410 777 1645 836 pirisque.

253 848 304 886 78
396 841 610 887 XXXII.
640 840 908 887 Praeterea
923 841 1151 886 arborum
1166 840 1271 886 aliis
1284 840 1524 886 decidunt
1536 839 1670 896 folia,
1684 839 1810 886 aliae

336 911 642 970 sempiterna
684 924 827 953 coma
869 910 1247 968 virent—quam
1291 905 1626 953 differentiam
1670 913 1810 952 ante-

335 974 486 1020 cedat
504 990 708 1020 necesse
729 981 805 1020 est
829 977 988 1036 prior3
1025 981 1141 1019 sunt
1161 976 1293 1018 enim
1313 973 1543 1019 arborum
1562 972 1810 1035 quaedam

335 1043 536 1086 omnino
564 1040 830 1095 silvestres,
859 1039 1107 1101 quaedam
1142 1040 1446 1095 urbaniores,
1474 1042 1708 1101 quoniam
1735 1038 1811 1085 his

333 1107 501 1169 placet
516 1107 795 1152 nominibus
811 1106 1117 1168 distinguere
1135 1122 1145 1151 ε
1176 1105 1270 1151 hae
1285 1105 1305 1134 3
1320 1109 1484 1161 mites,
1501 1122 1629 1168 quae
1647 1105 1812 1151 fructu

336 1180 423 1218 aut
450 1173 545 1218 alia
563 1172 583 1201 4
609 1172 774 1235 aliqua
799 1173 918 1218 dote
947 1172 1334 1233 umbrarumque
1361 1172 1518 1218 officio
1544 1171 1810 1218 humanius

335 1242 524 1294 iuvant,
549 1255 649 1284 non
674 1238 899 1302 improbe
925 1238 1155 1284 dicantur
1180 1239 1415 1284 urbanae.

253 1312 303 1350 79
401 1304 644 1351 XXXIII.
683 1306 873 1351 Harum
914 1304 1150 1367 generis5
1191 1321 1291 1350 non
1330 1303 1608 1351 decidunt⁶
1652 1304 1811 1360 oleae,

335 1371 488 1427 lauro,
544 1371 760 1434 palmae,
818 1378 1000 1434 myrto,
1052 1373 1311 1434 cupressis,
1368 1373 1514 1433 pinis,
1574 1369 1811 1426 hederae,

335 1437 682 1484 rhododendro
732 1444 801 1492 et,
851 1440 1074 1500 quamvis
1124 1436 1280 1483 herba
1328 1437 1540 1492 dicatur,
1589 1438 1808 1483 sabinae.

339 1502 738 1559 rhododendron,
776 1511 831 1549 ut
868 1507 1066 1549 nomine
1103 1510 1331 1566 apparet,
1367 1519 1397 1548 a
1432 1503 1636 1550 Graecis
1672 1507 1811 1550 venit

335 1570 437 1632 (alii
461 1574 654 1616 nerium
679 1577 934 1625 vocarunt,
959 1570 1040 1615 alii
1064 1568 1508 1633 rhododaphnen);
1550 1573 1811 1633 sempiter-

335 1654 454 1683 num
483 1636 676 1692 fronde,
705 1653 846 1683 rosae
877 1637 1218 1692 similitudine,
1247 1635 1469 1682 caulibus
1501 1636 1810 1692 fruticosum,

334 1706 568 1749 iumentis
613 1706 873 1766 caprisque
921 1710 973 1749 et
1019 1703 1190 1748 ovibus
1237 1719 1487 1749 venenum
1535 1710 1629 1758 est,
1674 1703 1809 1749 idem

333 1769 518 1815 homini
540 1777 713 1816 contra
734 1772 1044 1833 serpentium
1066 1785 1261 1815 venena
1281 1768 1520 1815 remedio.

250 1842 301 1880 80
399 1835 708 1882 Silvestrium
728 1838 925 1898 generis
946 1835 1064 1881 folia
1084 1852 1183 1881 non
1203 1835 1444 1881 decidunt
1466 1836 1638 1890 abieti,
1656 1835 1810 1890 larici,

332 1905 571 1964 pinastro,
630 1906 873 1965 iunipero,
917 1902 1083 1958 cedro,
1142 1901 1448 1957 terebintho,
1493 1902 1644 1957 buxo,
1692 1902 1811 1957 ilici,

398 2003 410 2026 ¹
440 2006 485 2040 ot
503 2001 596 2041 add.
621 2002 824 2053 Mayhoff.
1102 2002 1118 2025 ²
1148 2002 1345 2052 Mayhoff
1359 2016 1367 2040 :
1398 2002 1698 2052 crispioraque.

393 2055 408 2078 ³
439 2069 487 2093 ac
509 2055 713 2106 Maylmff.
1104 2056 1119 2078 ⁴
1148 2056 1231 2094 alia
1251 2055 1344 2094 add.
1367 2055 1590 2094 Rackham.

634 2109 648 2131 ⁵
681 2109 732 2147 M
733 2108 877 2158 ayhoff
891 2124 899 2147 ε
931 2109 1085 2154 ¹Heneti.

633 2163 648 2186 ⁶
679 2162 886 2201 decidunt
904 2159 1096 2214 <folia>?
1119 2161 1344 2201 Rackham.

383 2292 399 2308 ‘¹
432 2287 741 2326 Brookwillow.

388 2339 403 2362 ²²
433 2340 521 2378 The
546 2340 852 2390 whortleberry
877 2339 979 2378 does
1004 2343 1081 2379 not
1106 2340 1148 2378 in
1175 2340 1263 2379 fact
1289 2353 1402 2390 grow
1429 2340 1470 2378 in
1496 2339 1627 2391 damp
1653 2339 1793 2391 places
1802 2357 1812 2387 ;

331 2393 409 2431 but
438 2393 749 2432 identification
778 2395 812 2431 is
840 2393 1075 2432 uncertain.
1136 2393 1225 2432 Nor
1252 2393 1353 2432 does
1382 2393 1454 2432 the
1482 2395 1622 2445 privet
1651 2393 1814 2432 confine

334 2447 451 2485 itself
469 2451 515 2485 to
536 2446 667 2497 (lamp
689 2446 868 2497 ground.

388 2506 401 2523 ⁶
432 2500 568 2539 Greek
589 2500 654 2538 for
676 2500 684 2514 ‘
703 2500 931 2540 rose-nee?

328 2576 417 2635 438
