1909 2998
187 809 240 847 59

190 1631 242 1669 60

521 204 767 250 PLINY:
833 202 1164 249 NATURAL
1208 201 1506 249 HISTORY

271 331 350 378 hic
367 331 537 395 plaga,
554 348 654 377 non
674 331 926 377 adimitur.
977 330 1095 376 inde
1113 329 1307 393 prosilit
1332 346 1509 393 spuma
1529 332 1754 393 pinguis;

271 448 396 495 haec
417 455 654 495 concreta
675 448 935 503 densatur,
959 447 1044 493 ubi
1066 446 1161 493 loci
1184 453 1364 492 natura
1384 454 1560 510 poscat
1579 453 1755 510 tegete

270 566 469 630 palmea
493 568 796 629 excipiente,
824 564 977 610 aliubi
1004 581 1121 610 area
1145 566 1517 627 circumpavita.
1586 567 1756 628 purius

271 682 355 729 illo
402 682 569 738 modo,
615 682 705 729 sed
750 681 842 728 hoc
887 681 1242 745 ponderosius;
1308 681 1442 743 quod
1486 684 1537 726 in
1583 682 1756 728 arbore

271 799 435 846 haesit
457 800 589 846 ferro
611 800 917 863 depectitur,
939 799 1055 845 ideo
1077 802 1392 845 corticosum.
1461 798 1581 845 silva
1603 799 1758 845 divisa

271 921 420 964 certis
449 918 760 981 portionibus
791 924 967 962 mutua
996 919 1283 963 innocentia
1311 923 1425 962 tuta
1455 923 1559 962 est:
1589 933 1759 963 nemo-

273 1052 370 1098 que
391 1035 409 1064 1
445 1038 636 1081 saucias
673 1035 873 1080 arbores
909 1033 1147 1090 custodit,
1183 1050 1331 1080 nemo
1367 1032 1562 1080 furatur
1596 1033 1756 1080 alteri.

273 1159 343 1209 at,
387 1152 647 1207 Hercules,
691 1152 1048 1207 Alexandriae,
1091 1151 1176 1197 ubi
1219 1158 1334 1197 tura
1375 1150 1758 1215 interpolantur,

273 1270 407 1316 nulla
449 1272 569 1316 satis
612 1269 831 1316 custodit
874 1269 1139 1332 diligentia
1180 1269 1424 1315 officinas!
1493 1268 1759 1332 subligaria

273 1391 534 1451 signantur
579 1387 760 1451 opifici,
806 1404 1020 1450 persona
1066 1386 1268 1432 additur
1313 1389 1467 1450 capiti
1512 1386 1758 1433 densusve

274 1505 530 1561 reticulus,
564 1505 685 1551 nudi
721 1507 1052 1551 emittuntur:
1094 1511 1240 1550 tanto
1275 1506 1438 1550 minus
1475 1503 1592 1550 fidei
1627 1504 1759 1568 apud

274 1622 363 1669 hos
379 1623 398 1652 2
422 1640 572 1686 poma
588 1623 607 1652 3
629 1639 779 1685 quam
805 1621 938 1685 apud
957 1621 1064 1668 illos
1085 1621 1237 1668 silvae
1261 1619 1468 1668 habent.
1518 1628 1759 1668 autumno

274 1740 459 1804 legitur
482 1741 544 1786 ab
568 1743 758 1786 aestivo
779 1745 955 1803 partu:
997 1739 1090 1785 hoc
1113 1741 1450 1804 purissimum,
1473 1739 1757 1785 candidum.

275 1857 495 1904 secunda
521 1857 774 1904 vindemia
802 1865 879 1903 est
906 1873 1040 1913 vere,
1069 1857 1133 1903 ad
1161 1873 1274 1903 eam
1299 1855 1466 1903 hieme
1493 1857 1759 1903 corticibus

277 1978 467 2029 incisis3
529 1974 695 2020 rufum
738 1973 830 2020 hoc
875 1977 998 2031 exit,
1041 1991 1134 2021 nec
1176 1973 1551 2037 conparandum
1592 1977 1756 2038 priori.

276 2091 397 2137 illud
422 2090 735 2147 carfiathum,
752 2090 844 2137 hoc
870 2090 1191 2137 dathiathum
1210 2098 1406 2137 vocant.
1457 2090 1678 2137 creditur
1706 2098 1758 2137 et

278 2207 502 2254 novellae
524 2209 710 2254 arboris
737 2208 996 2254 candidius
1018 2224 1144 2263 esse,
1161 2207 1250 2254 sed
1270 2210 1454 2254 veteris
1476 2207 1729 2253 odoratius
1747 2223 1758 2262 3

563 2388 577 2410 1
611 2390 851 2436 nemoque?
885 2386 1104 2437 Maylzoff:
1137 2400 1288 2437 neque.

564 2440 577 2462 ‘³
614 2439 842 2479 Raclcham:
873 2452 964 2479 nos,

560 2494 576 2517 ³
606 2494 812 2544 Detlefsen
831 2508 839 2533 :
871 2506 1008 2544 poena
1029 2495 1224 2544 (penates
1247 2492 1458 2543 Mueller).

281 2624 339 2666 42
