1909 2998
237 409 290 449 99

574 179 819 226 PLINY:
883 178 1212 225 NATURAL
1258 177 1553 226 HISTORY

323 309 487 355 herbis
531 315 764 371 segetum
809 309 994 361 evenit,
1038 309 1089 352 in
1134 306 1388 352 arboribus
1432 313 1606 352 tamen
1650 309 1803 353 nimia

322 404 621 466 germinatio
645 400 901 447 elactescit
917 415 929 454 3
962 407 1078 446 sunt
1094 399 1219 446 aliae
1237 399 1488 446 naturales
1505 400 1801 462 quibusdam

320 503 623 560 praeterque
674 511 895 550 vernam,
946 510 1076 557 quae
1127 497 1225 540 suis
1275 500 1509 539 constant
1558 493 1802 540 sideribus

322 591 553 653 (quorum
571 591 700 634 ratio
719 591 884 651 aptius
903 587 1146 634 reddetur
1163 590 1317 633 tertio
1337 587 1400 632 ab
1419 586 1512 633 hoc
1531 587 1802 649 volumine)

319 682 593 729 —hiberna
629 681 824 744 aquilae
862 689 1058 736 exortu,
1096 683 1286 727 aestiva
1321 683 1456 727 canis
1495 687 1624 736 ortu,
1648 683 1802 727 tertia

321 780 518 824 arcturi.
586 775 674 822 has
710 776 833 821 duas
871 775 1075 838 quidam
1112 775 1340 820 omnibus
1378 775 1633 820 arboribus
1670 791 1802 820 com—

319 888 493 917 munes
528 876 731 934 putant,
768 872 940 915 sentiri
979 875 1151 915 autem
1188 871 1406 914 maxime
1445 871 1495 913 in
1534 868 1643 924 fico,
1679 871 1801 923 vite,

315 968 524 1029 punicis,
572 980 773 1010 causam
823 962 1112 1009 adferentes
1162 965 1398 1025 quoniam
1446 965 1497 1007 in
1544 961 1801 1008 Thessalia

320 1058 720 1120 Macedoniaque
742 1057 956 1120 plurima
980 1064 1089 1102 tum
1114 1056 1232 1102 ficus
1257 1062 1437 1110 exeat3
1480 1059 1700 1102 maxime
1723 1063 1799 1101 ta-

222 1161 298 1199 100
322 1169 439 1199 men
480 1155 530 1197 in
572 1151 810 1214 Aegypto
854 1157 1065 1213 apparet
1106 1148 1231 1196 haec
1273 1152 1416 1195 ratio.
1486 1156 1538 1195 et
1580 1149 1801 1212 reliquae

218 2002 288 2041 101

320 1246 523 1310 quidem
575 1245 792 1300 arbores,
846 1251 902 1290 ut
952 1247 1169 1307 primum
1222 1259 1452 1306 coepere,
1505 1246 1802 1289 continuant

318 1341 754 1404 germinationem,
784 1338 934 1383 robur
965 1345 1017 1383 et
1049 1338 1186 1383 abies
1218 1344 1270 1382 et
1300 1336 1425 1381 larix
1457 1339 1801 1382 intermittunt

318 1435 572 1498 tripertito
588 1449 645 1478 ac
659 1439 805 1478 terna
821 1434 1047 1494 germina
1065 1431 1222 1477 edunt
1237 1444 1249 1485 3
1277 1430 1390 1476 ideo
1408 1437 1459 1476 et
1475 1437 1555 1476 ter
1570 1446 1801 1492 squamas

317 1530 558 1574 corticum
620 1532 881 1589 spargunt,
945 1524 1077 1587 quod
1141 1524 1368 1569 omnibus
1432 1524 1688 1569 arboribus
1750 1526 1800 1569 in

317 1622 683 1684 germinatione
712 1621 880 1665 evenit
909 1621 1144 1680 quoniam
1169 1620 1527 1681 praegnatium
1554 1619 1802 1680 rumpitur

316 1721 505 1760 cortex.
573 1719 651 1759 est
702 1719 873 1758 autem
923 1715 1085 1775 prima
1136 1727 1308 1757 earum
1359 1713 1632 1774 incipiente
1684 1727 1800 1757 vere

317 1810 512 1854 circiter
571 1822 632 1852 xv
694 1806 888 1861 diebus,
936 1808 1121 1851 iterum
1169 1807 1456 1868 germinant
1503 1811 1799 1851 transeunte

317 1903 542 1964 geminos
590 1899 721 1954 sole3
786 1902 855 1946 sic
906 1899 961 1945 fit
1011 1906 1067 1944 ut
1113 1901 1276 1961 prima
1323 1901 1580 1944 cacumina
1631 1898 1798 1961 inpelli

317 1993 539 2041 secutisl
595 2000 853 2056 appareat,
911 1992 1197 2055 geniculato
1254 1995 1579 2037 incremento,
1646 1994 1799 2037 tertia

316 2095 393 2135 est
443 2087 718 2134 earundem
769 2103 798 2132 a
847 2085 1060 2132 solstitio
1111 2086 1418 2140 brevissima,
1469 2101 1561 2130 nec
1612 2084 1798 2131 diutius

315 2183 537 2244 septenis
577 2180 783 2234 diebus3
840 2179 1074 2241 clareque
1116 2185 1169 2224 et
1209 2185 1330 2224 tunc
1369 2180 1590 2224 cernitur
1630 2194 1798 2225 excre-

314 2277 561 2321 scentium
627 2276 942 2319 cacuminum
1011 2271 1308 2318 articulatio.
1376 2274 1488 2317 vitis
1555 2271 1657 2316 sola
1723 2272 1797 2318 bis

314 2370 546 2431 parturit,
590 2369 806 2430 primum
850 2383 963 2412 cum
1009 2368 1199 2411 emittit
1244 2381 1409 2421 uvam,
1453 2367 1635 2410 iterum
1683 2380 1796 2410 curn

834 2484 848 2507 ¹
877 2482 1074 2521 secundis
1099 2481 1276 2520 Urlichs.

317 2573 403 2620 452
