1909 2998
198 1760 249 1799 78

538 177 784 224 PLINY:
850 177 1182 224 NATURAL
1228 176 1525 224 HISTORY

284 305 469 351 Saitica
496 305 558 351 ab
578 305 763 368 oppido
790 305 875 351 ubi
902 307 1124 350 maxima
1150 303 1404 360 fertilitas,
1431 321 1494 351 ex
1520 304 1772 353 vilioribus

284 398 540 451 ramentis,
581 398 882 459 propiorque
928 397 1208 441 etiamnum
1251 396 1426 441 cortici
1467 394 1773 442 Taeneotica

283 504 312 532 a
332 489 491 532 vicino
510 486 635 541 loco,
650 485 874 548 pondere
895 488 996 531 iam
1017 484 1161 540 haec,
1182 501 1283 531 non
1302 485 1551 541 bonitate,
1567 486 1770 533 venalis.

282 594 398 622 nam
414 579 707 639 emporitica
720 576 908 622 inutilis
924 575 1188 622 scribendo
1203 574 1466 621 involucris
1485 574 1771 623 chartarum

280 666 688 730 segestribusque
748 669 989 712 mercium
1014 665 1032 695 1
1083 683 1227 712 usum
1279 666 1510 729 praebet,
1569 666 1685 713 ideo
1744 684 1773 713 a

281 758 640 804 mercatoribus
669 760 1038 819 cognominata.
1106 763 1222 820 post
1251 754 1380 801 hanc
1411 772 1660 819 papyrum
1694 764 1772 804 est

283 855 667 909 extremumque
687 851 794 893 eius
816 850 977 910 scirpo
998 846 1157 893 simile
1179 862 1236 892 ac
1261 863 1324 892 ne
1351 845 1550 892 funibus
1570 846 1772 909 quidem

282 942 374 985 nisi
396 942 446 984 in
468 955 640 984 umore
664 937 803 984 utile.

347 1029 557 1075 Texitur
579 1031 737 1074 omnis
760 1028 1002 1074 madente
1025 1027 1201 1073 tabula
1224 1026 1323 1073 Nili
1345 1043 1502 1089 aqua:
1543 1027 1772 1074 turbidus

280 1119 441 1182 liquor
462 1122 562 1165 vim
585 1118 790 1181 glutinis
815 1119 1045 1181 praebet.
1116 1120 1167 1163 in
1190 1125 1386 1164 rectum
1408 1120 1570 1181 primo
1594 1121 1773 1182 supina

279 1209 484 1256 tabulae
533 1207 705 1255 schida
755 1209 993 1255 adlinitur
1043 1207 1360 1271 longitudine
1411 1211 1589 1271 papyri
1640 1225 1771 1271 quae

279 1303 446 1363 potuit
485 1316 593 1346 esse
632 1299 998 1362 resegminibus
1040 1301 1296 1361 utrimque
1337 1301 1631 1361 amputatis,
1670 1306 1772 1345 tra-

283 1407 425 1437 versa
462 1397 641 1454 postea
679 1397 842 1436 crates
879 1392 1095 1453 peragit.
1163 1391 1410 1453 premitur
1448 1405 1568 1452 ergo
1605 1389 1771 1454 prelis,

281 1488 334 1528 et
362 1484 611 1527 siccantur
640 1480 744 1526 sole
772 1480 1008 1543 plagulae
1041 1487 1196 1542 atque
1228 1482 1362 1526 inter
1392 1495 1446 1526 se
1479 1481 1772 1542 iunguntur,

278 1574 618 1635 proximarum
635 1587 835 1634 semper
850 1571 1092 1617 bonitatis
1113 1570 1462 1616 deminutione
1481 1569 1546 1615 ad
1562 1569 1773 1616 deterri-

280 1679 402 1709 mas.
471 1678 744 1724 numquam
770 1661 937 1725 plures
965 1677 1116 1725 scapo
1145 1677 1297 1723 quam
1322 1662 1546 1706 vicenae.

348 1751 532 1798 XXIV.
576 1752 768 1815 Magna
813 1755 864 1797 in
905 1751 1173 1798 latitudine
1232 1767 1405 1797 earum
1459 1749 1770 1797 differentia:

281 1858 372 1889 xm
410 1842 681 1905 digitorum
718 1844 936 1905 optimis,
973 1842 1072 1888 duo
1108 1840 1448 1888 detrahuntur
1482 1840 1771 1897 hieraticae,

283 1933 320 1978 F
323 1936 537 1979 anniana
562 1933 716 1979 denos
745 1932 916 1988 habet,
937 1939 990 1978 et
1010 1949 1108 1978 uno
1127 1935 1290 1978 minus
1313 1930 1771 1996 amphitheatrica,2

278 2026 536 2087 pauciores
559 2022 744 2070 Saitica
766 2040 858 2069 nec
881 2022 1062 2069 malleo
1085 2022 1280 2078 sufficit,
1304 2038 1421 2068 nam
1444 2024 1768 2086 emporiticae

279 2115 497 2161 brevitas
538 2130 626 2160 sex
667 2113 851 2176 digitos
893 2130 992 2159 non
1033 2112 1250 2159 excedit.
1318 2119 1589 2176 praeterea
1629 2128 1769 2176 spec-

279 2211 453 2251 tantur
492 2207 543 2249 in
581 2203 765 2250 chartis
805 2206 1045 2259 tenuitas,
1085 2203 1327 2259 densitas,
1367 2202 1571 2258 candor,
1611 2201 1765 2249 levor.

197 2302 249 2340 79
283 2298 556 2358 primatum
592 2297 807 2340 mutavit
845 2293 1086 2339 Claudius
1114 2293 1312 2339 Caesar.
1386 2295 1538 2339 m‘mia
1581 2295 1768 2355 quippe

345 2401 360 2424 ¹
391 2400 607 2439 Rackham
652 2400 962 2450 (merciumque
1006 2398 1298 2449 segestribus?
1352 2397 1584 2450 Mayhoff):
1632 2411 1768 2451 seges·

286 2455 503 2504 triumque
524 2453 748 2492 mercibus.

338 2508 354 2531 2
391 2506 487 2546 V.ll.
510 2506 952 2558 amphitheatriticae,
974 2504 1390 2556 amphitheatritica.

288 2598 373 2639 144
