1909 2998
255 437 302 474 15

255 1139 303 1176 16

256 2041 301 2078 17

584 202 827 248 PLINY:
892 202 1220 248 NATURAL
1266 203 1562 250 HISTORY

336 336 524 391 quanto
542 345 602 375 ea
617 332 859 391 copiosior
875 333 1155 391 reperiatur
1170 332 1221 375 in
1238 330 1416 376 eodem
1433 347 1618 393 genere
1635 330 1810 377 diebus

332 430 555 476 adiectis.
624 433 824 476 omnino
856 432 1068 476 invictus
1103 447 1237 476 error
1270 437 1322 476 et
1354 430 1579 492 publicus
1612 438 1810 477 tumore

334 529 491 575 olivae
528 546 749 576 crescere
787 529 951 576 oleum
991 530 1328 585 existimandi,
1365 547 1478 576 cum
1515 534 1810 592 praesertim

335 647 426 676 nec
466 630 811 693 magnitudine
852 633 1047 692 copiam
1088 630 1183 676 olei
1223 638 1452 677 constare
1491 630 1673 687 indicio
1712 635 1811 678 sint

335 747 464 792 quae
506 734 675 793 regiae
717 737 973 784 vocantur,
1016 730 1078 775 ab
1121 730 1227 775 aliis
1269 733 1559 786 maiorinae,
1601 731 1670 776 ab*
1707 731 1811 778 aliis

334 830 566 885 babbiae,
606 830 965 893 grandissimae
1008 830 1207 893 alioqui,
1248 833 1453 877 minimo
1494 848 1627 887 suco,
1669 838 1721 878 et
1762 835 1810 877 in

335 931 572 993 Aegypto
607 933 961 977 carnosissimis
1002 931 1098 977 olei
1135 934 1390 994 exiguum,
1417 931 1660 994 Decapoli
1694 948 1811 978 vero

335 1030 506 1093 Syriae
544 1047 785 1093 perquam
824 1047 1008 1092 parvae
1046 1047 1138 1077 nec
1176 1034 1377 1093 cappari
1415 1034 1627 1078 maiores
1664 1048 1812 1079 carne

333 1139 507 1177 tamen
551 1132 1005 1177 commendentur.l
1072 1148 1223 1194 quam
1269 1131 1332 1177 ob
1377 1148 1580 1177 causam
1628 1131 1812 1178 Italicis

333 1235 696 1278 transmarinae
738 1231 1092 1293 praeferuntur
1132 1235 1183 1277 in
1224 1232 1363 1286 cibis,
1404 1249 1517 1277 cum
1559 1232 1669 1278 oleo
1711 1235 1814 1278 vin-

334 1338 528 1387 cantur,
555 1338 607 1378 et
633 1334 683 1377 in
711 1335 817 1393 ipsa
847 1332 993 1377 Italia
1020 1335 1199 1378 ceteris
1228 1331 1441 1378 Picenae
1471 1339 1522 1378 et
1549 1331 1811 1378 Sidicinae.

334 1431 434 1478 sale
462 1431 575 1478 illae
609 1434 842 1495 privatim
870 1431 1169 1477 condiuntur
1197 1439 1249 1478 et
1278 1438 1334 1477 ut
1361 1431 1584 1494 reliquae
1614 1448 1810 1478 amurca

333 1548 532 1595 sapave,
568 1548 661 1577 nec
698 1548 797 1577 non
835 1531 1031 1594 aliquae
1069 1531 1180 1577 oleo
1217 1548 1304 1577 suo
1343 1538 1395 1577 et
1431 1534 1537 1578 sine
1576 1534 1812 1578 arcessita

333 1631 769 1678 commendatione
803 1649 959 1695 purae
994 1635 1245 1688 innatant,
1279 1631 1629 1696 colymbades3
1682 1631 1813 1678 fran-

333 1740 519 1796 guntur
556 1732 766 1779 eaedem
805 1732 1171 1795 herbarumque
1211 1732 1439 1778 viridium
1477 1749 1655 1796 sapore
1696 1749 1813 1779 con-

334 1834 550 1880 diuntur.
620 1833 745 1879 fiunt
776 1841 827 1879 et
856 1850 1122 1896 praecoces
1158 1832 1372 1880 ferventi
1409 1850 1539 1896 aqua
1574 1832 1810 1897 perfusae

335 1933 640 1996 quamlibeat
686 1936 1016 1988 immaturae3
1064 1937 1344 1996 mirumque
1393 1933 1591 1979 dulcem
1639 1950 1811 1979 sucum

336 2034 484 2080 olivas
508 2035 680 2080 bibere
707 2041 758 2080 et
783 2034 946 2080 alieno
971 2051 1146 2097 sapore
1172 2034 1318 2079 infici.
1385 2050 1669 2097 purpureae
1694 2041 1812 2080 sunt

336 2141 388 2181 et
419 2137 468 2179 in
501 2134 592 2190 his,
626 2142 681 2180 ut
716 2138 837 2190 uvis,
870 2138 920 2180 in
952 2137 1151 2197 nigrum
1183 2134 1400 2180 colorem
1434 2135 1810 2180 transeuntibus

332 2237 496 2298 posiis.
564 2242 680 2281 sunt
709 2242 762 2281 et
791 2235 1036 2298 superbae
1066 2241 1272 2298 praeter
1300 2237 1400 2280 iam
1429 2234 1566 2280 dicta
1595 2250 1784 2297 genera
1801 2248 1813 2289 3

335 2342 449 2380 sunt
483 2342 535 2380 et
566 2334 874 2397 praedulces,
906 2351 998 2397 per
1029 2351 1082 2380 se
1117 2341 1317 2380 tantum
1351 2337 1569 2380 siccatae
1603 2337 1810 2397 uvisque

720 2493 733 2516 ยน
767 2491 1002 2530 Rackha-m:
1036 2491 1407 2530 commenda-ntur.

337 2580 423 2636 298
