1909 2998
209 888 260 927 63

210 1286 263 1325 64

212 1924 263 1962 65

542 195 786 242 PLINY:
851 194 1180 241 NATURAL
1224 194 1521 241 HISTORY

291 322 530 370 exolescit
568 321 696 368 haec
738 336 938 384 quoque
977 321 1123 383 culpa
1148 321 1166 350 1
1199 323 1373 382 copiae
1411 324 1578 383 potius
1618 336 1769 384 quam

289 403 505 449 bonitati
540 401 872 448 studentium.
940 400 1178 447 Falernus
1214 416 1336 463 ager
1369 417 1399 446 a
1433 407 1589 462 ponte
1624 399 1770 447 Cam-

289 498 421 545 pano
449 481 592 528 laeva
623 481 914 543 petentibus
950 479 1210 526 Urbanam
1241 479 1486 526 coloniam
1516 478 1769 526 Sullanam

291 578 450 624 nuper
491 561 696 623 Capuae
736 560 1078 607 contributam
1120 562 1311 622 incipit,
1349 560 1645 606 Faustianus
1680 563 1770 606 cir-

289 646 415 688 citer
454 656 535 686 1111
573 640 710 687 milia
746 655 984 702 passuum
1024 657 1054 686 a
1090 642 1197 686 vico
1230 639 1481 695 Caedicio,
1517 642 1598 702 qui
1636 643 1770 686 vicus

292 738 322 767 a
355 721 588 767 Sinuessa
610 735 661 766 VI
686 735 742 766 M.
769 735 1007 782 passuum
1032 720 1192 766 abest.
1260 735 1353 766 nec
1381 718 1468 765 ulli
1496 735 1626 766 nunc
1655 723 1768 765 vino

290 805 447 847 maior
491 803 778 847 auctoritas.
846 799 1007 846 solum
1043 802 1268 846 vinorum
1304 798 1508 845 flamma
1543 799 1771 845 accendi-

289 889 387 928 tur.
470 884 569 927 tria
623 883 727 926 eius
794 896 1000 942 genera,
1054 886 1328 934 austerum,
1381 878 1544 935 dulce,
1597 885 1770 927 tenue.

292 961 495 1024 quidam
537 964 611 1007 ita
654 960 954 1022 distingunt,
998 962 1203 1005 summis
1246 958 1451 1005 collibus
1496 957 1771 1005 Caucinum

291 1044 446 1103 gigni,
506 1040 682 1086 mediis
745 1040 1089 1094 Faustianum,
1135 1042 1246 1085 imis
1309 1038 1591 1085 Falernum.
1672 1054 1772 1085 non

290 1120 627 1166 omittendum
673 1126 846 1165 autem
891 1119 1013 1165 nulli
1059 1135 1231 1165 eorum
1277 1134 1408 1181 quae
1452 1117 1772 1165 celebrentur

290 1199 560 1246 iucundum
583 1215 812 1261 saporem
835 1215 962 1245 uvae
988 1215 1111 1245 esse.

355 1279 438 1326 Ad
483 1283 690 1326 tertiam
736 1278 957 1340 palmam
1005 1281 1139 1325 varie
1187 1294 1370 1325 venere
1417 1277 1616 1324 Albana
1663 1278 1773 1324 urbi

292 1358 491 1414 vicina,2
518 1358 807 1421 praedulcia
839 1375 896 1404 ac
924 1375 1036 1404 raro
1065 1357 1306 1413 austera,³
1327 1361 1452 1405 item
1481 1357 1773 1404 Surrentina

292 1442 344 1484 in
366 1442 521 1485 vineis
543 1446 745 1485 tantum
769 1442 1047 1493 nascentia,
1070 1437 1530 1484 convalescentibus
1553 1441 1773 1483 maxime

291 1519 504 1580 probata
550 1525 756 1580 propter
801 1521 1110 1564 tenuitatem
1158 1517 1627 1580 salubritatemque.
1693 1517 1774 1563 Ti-

292 1599 456 1644 berius
481 1597 666 1644 Caesar
697 1597 900 1644 dicebat
933 1600 1240 1644 consensisse
1272 1597 1492 1644 medicos
1514 1604 1572 1643 ut
1601 1595 1774 1643 nobili-

291 1685 455 1724 tatem
501 1677 793 1724 Surrentino
840 1677 1039 1733 darent,
1087 1677 1272 1739 alioqui
1320 1694 1429 1724 esse
1475 1693 1772 1741 generosum

293 1764 511 1812 acetum,
532 1757 586 1803 C.
609 1756 810 1812 Caesar,
833 1761 917 1819 qui
938 1761 1176 1804 successit
1196 1755 1282 1812 illi,
1302 1756 1521 1803 nobilem
1541 1773 1772 1819 vappam.

292 1844 490 1883 certant
544 1836 761 1883 Massica
810 1844 965 1898 atque
1016 1853 1046 1882 a
1095 1844 1270 1883 monte
1320 1836 1489 1883 Gauro
1540 1835 1774 1883 Puteolos

297 1916 545 1979 Baiasque
588 1919 981 1978 prospectantia.
1049 1932 1167 1962 nam
1213 1916 1422 1962 Falerno
1465 1919 1775 1963 contermina

294 1995 506 2043 Statana
531 1996 594 2042 ad
618 1999 955 2058 principatum
981 2011 1163 2042 venere
1189 2012 1289 2041 non
1313 1996 1482 2051 dubie,
1505 1995 1774 2058 palamque

295 2076 459 2122 fecere
483 2093 571 2122 sua
596 2076 875 2138 quibusque
899 2079 1046 2122 terris
1070 2082 1301 2138 tempora
1326 2091 1451 2131 esse,
1473 2092 1585 2122 suos
1609 2092 1773 2121 rerum

517 2195 532 2218 1
564 2194 688 2245 culpa
712 2195 809 2233 add.
832 2194 972 2233 Dalec.

517 2248 532 2271 ²
561 2248 657 2286 urbi
680 2249 820 2286 vicina
840 2261 917 2286 om.
941 2247 1008 2286 v.l.

515 2302 530 2324 ³
561 2313 656 2340 raro
679 2305 882 2340 austera?
916 2300 1118 2351 Mayhoff
1132 2316 1140 2340 :
1172 2314 1268 2340 rara
1288 2301 1331 2340 in
1352 2306 1538 2341 austero.

561 2501 578 2519 ⁰
605 2494 681 2534 I.e.
703 2506 758 2533 on
778 2493 1005 2545 palisades,
1026 2498 1104 2533 not
1123 2494 1291 2533 trained
1311 2507 1366 2533 on
1386 2498 1511 2535 trees.

300 2572 388 2616 228
