<?xml version="1.0" encoding="UTF-8"?>
<!DOCTYPE html PUBLIC "-//W3C//DTD XHTML 1.0 Transitional//EN"
    "http://www.w3.org/TR/xhtml1/DTD/xhtml1-transitional.dtd">
<html xmlns="http://www.w3.org/1999/xhtml" xml:lang="en" lang="en">
 <head>
  <title>
</title>
<meta http-equiv="Content-Type" content="text/html;charset=utf-8" />
  <meta name='ocr-system' content='tesseract 3.04.00' />
  <meta name='ocr-capabilities' content='ocr_page ocr_carea ocr_par ocr_line ocrx_word'/>
</head>
<body>
  <div class='ocr_page' id='page_1' title='image "./naturalhistory04plinuoft/naturalhistory04plinuoft_0390.png"; bbox 0 0 1909 2998; ppageno 0'>
   <div class='ocr_carea' id='block_1_1' title="bbox 575 203 1551 252">
    <p class='ocr_par' dir='ltr' id='par_1_1' title="bbox 575 203 1551 252">
     <span class='ocr_line' id='line_1_1' title="bbox 575 203 1551 252; baseline -0.002 0"><span class='ocrx_word' id='word_1_1' title='bbox 575 206 819 252; x_wconf 86' lang='lat' dir='ltr'>PLINY:</span> <span class='ocrx_word' id='word_1_2' title='bbox 883 205 1211 251; x_wconf 87' lang='lat' dir='ltr'>NATURAL</span> <span class='ocrx_word' id='word_1_3' title='bbox 1255 203 1551 250; x_wconf 91' lang='lat' dir='ltr'>HISTORY</span> 
     </span>
    </p>
   </div>
   <div class='ocr_carea' id='block_1_2' title="bbox 228 328 1808 1921">
    <p class='ocr_par' dir='ltr' id='par_1_2' title="bbox 324 328 1801 777">
     <span class='ocr_line' id='line_1_2' title="bbox 325 328 1797 395; baseline -0.003 -15"><span class='ocrx_word' id='word_1_4' title='bbox 325 341 429 380; x_wconf 83' lang='lat' dir='ltr'>est:</span> <span class='ocrx_word' id='word_1_5' title='bbox 464 334 543 379; x_wconf 90' lang='lat' dir='ltr'>alii</span> <span class='ocrx_word' id='word_1_6' title='bbox 563 337 695 379; x_wconf 89' lang='lat' dir='ltr'>enim</span> <span class='ocrx_word' id='word_1_7' title='bbox 715 331 996 394; x_wconf 77' lang='lat' dir='ltr'>Pelasgum,</span> <span class='ocrx_word' id='word_1_8' title='bbox 1014 332 1094 377; x_wconf 89' lang='lat' dir='ltr'>alii</span> <span class='ocrx_word' id='word_1_9' title='bbox 1114 331 1400 395; x_wconf 88' lang='lat' dir='ltr'>eupetalon‚</span> <span class='ocrx_word' id='word_1_10' title='bbox 1419 331 1500 376; x_wconf 91' lang='lat' dir='ltr'>alii</span> <span class='ocrx_word' id='word_1_11' title='bbox 1517 328 1797 394; x_wconf 79' lang='lat' dir='ltr'>stephanon</span> 
     </span>
     <span class='ocr_line' id='line_1_3' title="bbox 324 407 1801 463; baseline -0.003 -8"><span class='ocrx_word' id='word_1_12' title='bbox 324 409 598 455; x_wconf 82' lang='lat' dir='ltr'>Alexandri</span> <span class='ocrx_word' id='word_1_13' title='bbox 630 416 825 455; x_wconf 87' lang='lat' dir='ltr'>vocant.</span> <span class='ocrx_word' id='word_1_14' title='bbox 895 416 947 454; x_wconf 90' lang='lat' dir='ltr'>et</span> <span class='ocrx_word' id='word_1_15' title='bbox 979 407 1057 453; x_wconf 89' lang='lat' dir='ltr'>hic</span> <span class='ocrx_word' id='word_1_16' title='bbox 1090 407 1259 454; x_wconf 80' lang='lat' dir='ltr'><strong>frutex</strong></span> <span class='ocrx_word' id='word_1_17' title='bbox 1293 414 1371 453; x_wconf 89' lang='lat' dir='ltr'>est</span> <span class='ocrx_word' id='word_1_18' title='bbox 1402 423 1641 463; x_wconf 87' lang='lat' dir='ltr'>ramosus,</span> <span class='ocrx_word' id='word_1_19' title='bbox 1673 423 1801 452; x_wconf 90' lang='lat' dir='ltr'>cras-</span> 
     </span>
     <span class='ocr_line' id='line_1_4' title="bbox 324 483 1801 547; baseline -0.003 -15"><span class='ocrx_word' id='word_1_20' title='bbox 324 490 449 532; x_wconf 91' lang='lat' dir='ltr'>siore</span> <span class='ocrx_word' id='word_1_21' title='bbox 491 503 547 532; x_wconf 89' lang='lat' dir='ltr'>ac</span> <span class='ocrx_word' id='word_1_22' title='bbox 586 485 808 531; x_wconf 84' lang='lat' dir='ltr'>molliore</span> <span class='ocrx_word' id='word_1_23' title='bbox 850 502 999 547; x_wconf 89' lang='lat' dir='ltr'>quam</span> <span class='ocrx_word' id='word_1_24' title='bbox 1039 484 1204 530; x_wconf 89' lang='lat' dir='ltr'>laurus</span> <span class='ocrx_word' id='word_1_25' title='bbox 1243 483 1378 539; x_wconf 89' lang='lat' dir='ltr'>folio,</span> <span class='ocrx_word' id='word_1_26' title='bbox 1418 487 1554 529; x_wconf 91' lang='lat' dir='ltr'>cuius</span> <span class='ocrx_word' id='word_1_27' title='bbox 1594 489 1801 546; x_wconf 86' lang='lat' dir='ltr'>gustatu</span> 
     </span>
     <span class='ocr_line' id='line_1_5' title="bbox 324 560 1801 623; baseline -0.003 -15"><span class='ocrx_word' id='word_1_28' title='bbox 324 562 627 608; x_wconf 79' lang='lat' dir='ltr'>accendatur</span> <span class='ocrx_word' id='word_1_29' title='bbox 650 578 720 617; x_wconf 92' lang='lat' dir='ltr'>os,</span> <span class='ocrx_word' id='word_1_30' title='bbox 742 562 877 607; x_wconf 90' lang='lat' dir='ltr'>bacis</span> <span class='ocrx_word' id='word_1_31' title='bbox 901 578 928 607; x_wconf 93' lang='lat' dir='ltr'>e</span> <span class='ocrx_word' id='word_1_32' title='bbox 952 564 1092 623; x_wconf 84' lang='lat' dir='ltr'>nigro</span> <span class='ocrx_word' id='word_1_33' title='bbox 1116 560 1247 606; x_wconf 89' lang='lat' dir='ltr'>rufis.</span> <span class='ocrx_word' id='word_1_34' title='bbox 1310 567 1543 606; x_wconf 90' lang='lat' dir='ltr'>notatum</span> <span class='ocrx_word' id='word_1_35' title='bbox 1565 561 1801 621; x_wconf 79' lang='lat' dir='ltr'><strong>antiquis,</strong></span> 
     </span>
     <span class='ocr_line' id='line_1_6' title="bbox 324 635 1801 701; baseline -0.003 -16"><span class='ocrx_word' id='word_1_36' title='bbox 324 639 513 685; x_wconf 90' lang='lat' dir='ltr'>nullum</span> <span class='ocrx_word' id='word_1_37' title='bbox 553 655 711 701; x_wconf 85' lang='lat' dir='ltr'>genus</span> <span class='ocrx_word' id='word_1_38' title='bbox 751 638 916 683; x_wconf 88' lang='lat' dir='ltr'>laurus</span> <span class='ocrx_word' id='word_1_39' title='bbox 956 641 1008 683; x_wconf 89' lang='lat' dir='ltr'>in</span> <span class='ocrx_word' id='word_1_40' title='bbox 1049 636 1246 683; x_wconf 86' lang='lat' dir='ltr'>Corsica</span> <span class='ocrx_word' id='word_1_41' title='bbox 1286 635 1455 692; x_wconf 90' lang='lat' dir='ltr'>fuisse,</span> <span class='ocrx_word' id='word_1_42' title='bbox 1496 635 1631 698; x_wconf 91' lang='lat' dir='ltr'>quod</span> <span class='ocrx_word' id='word_1_43' title='bbox 1671 651 1801 680; x_wconf 90' lang='lat' dir='ltr'>nunc</span> 
     </span>
     <span class='ocr_line' id='line_1_7' title="bbox 325 716 922 777; baseline -0.003 -16"><span class='ocrx_word' id='word_1_44' title='bbox 325 723 490 762; x_wconf 89' lang='lat' dir='ltr'>satum</span> <span class='ocrx_word' id='word_1_45' title='bbox 514 722 565 761; x_wconf 89' lang='lat' dir='ltr'>et</span> <span class='ocrx_word' id='word_1_46' title='bbox 588 716 654 760; x_wconf 91' lang='lat' dir='ltr'>ibi</span> <span class='ocrx_word' id='word_1_47' title='bbox 678 717 922 777; x_wconf 81' lang='lat' dir='ltr'>provenit.</span> 
     </span>
    </p>

    <p class='ocr_par' dir='ltr' id='par_1_3' title="bbox 228 789 1804 1082">
     <span class='ocr_line' id='line_1_8' title="bbox 228 789 1803 854; baseline -0.003 -17"><span class='ocrx_word' id='word_1_48' title='bbox 228 800 301 838; x_wconf 79' lang='grc'>133</span> <span class='ocrx_word' id='word_1_49' title='bbox 390 791 499 838; x_wconf 92' lang='lat' dir='ltr'>XL.</span> <span class='ocrx_word' id='word_1_50' title='bbox 539 791 654 854; x_wconf 87' lang='lat' dir='ltr'>Ipsa</span> <span class='ocrx_word' id='word_1_51' title='bbox 682 789 919 854; x_wconf 87' lang='lat' dir='ltr'>pacifera,</span> <span class='ocrx_word' id='word_1_52' title='bbox 945 798 1001 836; x_wconf 90' lang='lat' dir='ltr'>ut</span> <span class='ocrx_word' id='word_1_53' title='bbox 1027 806 1177 852; x_wconf 88' lang='lat' dir='ltr'>quam</span> <span class='ocrx_word' id='word_1_54' title='bbox 1200 789 1466 852; x_wconf 88' lang='lat' dir='ltr'>praetendi</span> <span class='ocrx_word' id='word_1_55' title='bbox 1491 792 1646 835; x_wconf 87' lang='lat' dir='ltr'>etiam</span> <span class='ocrx_word' id='word_1_56' title='bbox 1670 791 1803 834; x_wconf 89' lang='lat' dir='ltr'>inter</span> 
     </span>
     <span class='ocr_line' id='line_1_9' title="bbox 327 865 1803 929; baseline -0.003 -15"><span class='ocrx_word' id='word_1_57' title='bbox 327 876 542 914; x_wconf 89' lang='lat' dir='ltr'>armatos</span> <span class='ocrx_word' id='word_1_58' title='bbox 573 867 740 913; x_wconf 89' lang='lat' dir='ltr'>hostes</span> <span class='ocrx_word' id='word_1_59' title='bbox 772 870 952 929; x_wconf 87' lang='lat' dir='ltr'>quietis</span> <span class='ocrx_word' id='word_1_60' title='bbox 983 870 1046 912; x_wconf 94' lang='lat' dir='ltr'>sit</span> <span class='ocrx_word' id='word_1_61' title='bbox 1075 866 1328 912; x_wconf 89' lang='lat' dir='ltr'>indicium.</span> <span class='ocrx_word' id='word_1_62' title='bbox 1396 865 1631 911; x_wconf 88' lang='lat' dir='ltr'>Romanis</span> <span class='ocrx_word' id='word_1_63' title='bbox 1658 880 1803 928; x_wconf 91' lang='lat' dir='ltr'>prae-</span> 
     </span>
     <span class='ocr_line' id='line_1_10' title="bbox 325 941 1803 1006; baseline -0.003 -16"><span class='ocrx_word' id='word_1_64' title='bbox 325 948 469 1006; x_wconf 88' lang='lat' dir='ltr'>cipue</span> <span class='ocrx_word' id='word_1_65' title='bbox 496 945 721 990; x_wconf 87' lang='lat' dir='ltr'>laetitiae</span> <span class='ocrx_word' id='word_1_66' title='bbox 749 946 1165 1005; x_wconf 82' lang='lat' dir='ltr'>victoriarumque</span> <span class='ocrx_word' id='word_1_67' title='bbox 1194 945 1370 988; x_wconf 83' lang='lat' dir='ltr'>nuntia</span> <span class='ocrx_word' id='word_1_68' title='bbox 1397 941 1599 988; x_wconf 79' lang='lat' dir='ltr'>additur</span> <span class='ocrx_word' id='word_1_69' title='bbox 1622 941 1803 987; x_wconf 88' lang='lat' dir='ltr'>litteris</span> 
     </span>
     <span class='ocr_line' id='line_1_11' title="bbox 327 1018 1804 1082; baseline -0.003 -16"><span class='ocrx_word' id='word_1_70' title='bbox 327 1028 380 1067; x_wconf 85' lang='lat' dir='ltr'>et</span> <span class='ocrx_word' id='word_1_71' title='bbox 436 1021 649 1066; x_wconf 91' lang='lat' dir='ltr'>militum</span> <span class='ocrx_word' id='word_1_72' title='bbox 706 1020 890 1066; x_wconf 86' lang='lat' dir='ltr'>lanceis</span> <span class='ocrx_word' id='word_1_73' title='bbox 945 1019 1174 1082; x_wconf 91' lang='lat' dir='ltr'>pilisque,</span> <span class='ocrx_word' id='word_1_74' title='bbox 1232 1018 1390 1064; x_wconf 89' lang='lat' dir='ltr'>fasces</span> <span class='ocrx_word' id='word_1_75' title='bbox 1446 1021 1804 1081; x_wconf 87' lang='lat' dir='ltr'>imperatorum</span> 
     </span>
    </p>

    <p class='ocr_par' dir='ltr' id='par_1_4' title="bbox 230 1095 1808 1850">
     <span class='ocr_line' id='line_1_12' title="bbox 230 1095 1804 1158; baseline -0.003 -16"><span class='ocrx_word' id='word_1_76' title='bbox 230 1104 307 1143; x_wconf 79' lang='lat'>134</span> <span class='ocrx_word' id='word_1_77' title='bbox 330 1098 548 1143; x_wconf 88' lang='lat' dir='ltr'>decorat.</span> <span class='ocrx_word' id='word_1_78' title='bbox 618 1113 680 1143; x_wconf 86' lang='lat' dir='ltr'>ex</span> <span class='ocrx_word' id='word_1_79' title='bbox 714 1095 788 1142; x_wconf 89' lang='lat' dir='ltr'>his</span> <span class='ocrx_word' id='word_1_80' title='bbox 821 1099 872 1141; x_wconf 93' lang='lat' dir='ltr'>in</span> <span class='ocrx_word' id='word_1_81' title='bbox 904 1098 1095 1158; x_wconf 86' lang='lat' dir='ltr'>gremio</span> <span class='ocrx_word' id='word_1_82' title='bbox 1130 1095 1258 1141; x_wconf 67' lang='lat' dir='ltr'>Iovis</span> <span class='ocrx_word' id='word_1_83' title='bbox 1291 1097 1467 1158; x_wconf 87' lang='lat' dir='ltr'>optimi</span> <span class='ocrx_word' id='word_1_84' title='bbox 1499 1096 1804 1155; x_wconf 76' lang='lat' dir='ltr'>maximique</span> 
     </span>
     <span class='ocr_line' id='line_1_13' title="bbox 327 1169 1806 1237; baseline -0.003 -18"><span class='ocrx_word' id='word_1_85' title='bbox 327 1174 595 1237; x_wconf 84' lang='lat' dir='ltr'>deponitur</span> <span class='ocrx_word' id='word_1_86' title='bbox 635 1176 866 1236; x_wconf 89' lang='lat' dir='ltr'>quotiens</span> <span class='ocrx_word' id='word_1_87' title='bbox 907 1172 1154 1218; x_wconf 83' lang='lat' dir='ltr'>laetitiam</span> <span class='ocrx_word' id='word_1_88' title='bbox 1194 1187 1322 1217; x_wconf 92' lang='lat' dir='ltr'>nova</span> <span class='ocrx_word' id='word_1_89' title='bbox 1361 1173 1568 1216; x_wconf 89' lang='lat' dir='ltr'>victoria</span> <span class='ocrx_word' id='word_1_90' title='bbox 1607 1169 1806 1225; x_wconf 87' lang='lat' dir='ltr'>adtulit,</span> 
     </span>
     <span class='ocr_line' id='line_1_14' title="bbox 328 1245 1806 1313; baseline -0.003 -17"><span class='ocrx_word' id='word_1_91' title='bbox 328 1250 478 1313; x_wconf 90' lang='lat' dir='ltr'>idque</span> <span class='ocrx_word' id='word_1_92' title='bbox 505 1267 602 1295; x_wconf 89' lang='lat' dir='ltr'>non</span> <span class='ocrx_word' id='word_1_93' title='bbox 629 1253 743 1312; x_wconf 88' lang='lat' dir='ltr'>quia</span> <span class='ocrx_word' id='word_1_94' title='bbox 768 1256 1016 1312; x_wconf 85' lang='lat' dir='ltr'>perpetuo</span> <span class='ocrx_word' id='word_1_95' title='bbox 1042 1251 1185 1303; x_wconf 87' lang='lat' dir='ltr'>viret,</span> <span class='ocrx_word' id='word_1_96' title='bbox 1211 1264 1304 1293; x_wconf 91' lang='lat' dir='ltr'>nec</span> <span class='ocrx_word' id='word_1_97' title='bbox 1329 1250 1445 1310; x_wconf 89' lang='lat' dir='ltr'>quia</span> <span class='ocrx_word' id='word_1_98' title='bbox 1467 1245 1689 1310; x_wconf 86' lang='lat' dir='ltr'>pacifera</span> <span class='ocrx_word' id='word_1_99' title='bbox 1713 1253 1806 1301; x_wconf 89' lang='lat' dir='ltr'>est,</span> 
     </span>
     <span class='ocr_line' id='line_1_15' title="bbox 327 1324 1805 1390; baseline -0.003 -18"><span class='ocrx_word' id='word_1_100' title='bbox 327 1325 659 1390; x_wconf 89' lang='lat' dir='ltr'>praeferenda</span> <span class='ocrx_word' id='word_1_101' title='bbox 691 1329 737 1371; x_wconf 91' lang='lat' dir='ltr'>ei</span> <span class='ocrx_word' id='word_1_102' title='bbox 768 1333 981 1388; x_wconf 89' lang='lat' dir='ltr'>utroque</span> <span class='ocrx_word' id='word_1_103' title='bbox 1015 1325 1141 1379; x_wconf 90' lang='lat' dir='ltr'>olea,</span> <span class='ocrx_word' id='word_1_104' title='bbox 1173 1324 1261 1370; x_wconf 91' lang='lat' dir='ltr'>sed</span> <span class='ocrx_word' id='word_1_105' title='bbox 1295 1327 1411 1386; x_wconf 90' lang='lat' dir='ltr'>quia</span> <span class='ocrx_word' id='word_1_106' title='bbox 1441 1325 1805 1386; x_wconf 85' lang='lat' dir='ltr'>spectatissima</span> 
     </span>
     <span class='ocr_line' id='line_1_16' title="bbox 328 1399 1806 1464; baseline -0.003 -16"><span class='ocrx_word' id='word_1_107' title='bbox 328 1406 379 1448; x_wconf 90' lang='lat' dir='ltr'>in</span> <span class='ocrx_word' id='word_1_108' title='bbox 404 1410 576 1449; x_wconf 89' lang='lat' dir='ltr'>monte</span> <span class='ocrx_word' id='word_1_109' title='bbox 605 1400 821 1448; x_wconf 83' lang='lat' dir='ltr'>Parnaso</span> <span class='ocrx_word' id='word_1_110' title='bbox 847 1401 1062 1464; x_wconf 90' lang='lat' dir='ltr'>ideoque</span> <span class='ocrx_word' id='word_1_111' title='bbox 1091 1403 1245 1446; x_wconf 90' lang='lat' dir='ltr'>etiam</span> <span class='ocrx_word' id='word_1_112' title='bbox 1271 1407 1417 1463; x_wconf 86' lang='lat' dir='ltr'>grata</span> <span class='ocrx_word' id='word_1_113' title='bbox 1443 1399 1660 1464; x_wconf 87' lang='lat' dir='ltr'>Apollini</span> <span class='ocrx_word' id='word_1_114' title='bbox 1687 1401 1806 1454; x_wconf 89' lang='lat' dir='ltr'>visa,</span> 
     </span>
     <span class='ocr_line' id='line_1_17' title="bbox 330 1476 1805 1539; baseline -0.003 -14"><span class='ocrx_word' id='word_1_115' title='bbox 330 1479 551 1525; x_wconf 90' lang='lat' dir='ltr'>adsuetis</span> <span class='ocrx_word' id='word_1_116' title='bbox 580 1496 639 1525; x_wconf 93' lang='lat' dir='ltr'>eo</span> <span class='ocrx_word' id='word_1_117' title='bbox 668 1479 800 1525; x_wconf 90' lang='lat' dir='ltr'>dona</span> <span class='ocrx_word' id='word_1_118' title='bbox 827 1481 1050 1533; x_wconf 85' lang='lat' dir='ltr'>mittere,</span> <span class='ocrx_word' id='word_1_119' title='bbox 1079 1477 1276 1523; x_wconf 86' lang='lat' dir='ltr'>oracula</span> <span class='ocrx_word' id='word_1_120' title='bbox 1303 1476 1420 1522; x_wconf 91' lang='lat' dir='ltr'>inde</span> <span class='ocrx_word' id='word_1_121' title='bbox 1447 1483 1679 1539; x_wconf 90' lang='lat' dir='ltr'>repetere</span> <span class='ocrx_word' id='word_1_122' title='bbox 1707 1479 1805 1521; x_wconf 91' lang='lat' dir='ltr'>iam</span> 
     </span>
     <span class='ocr_line' id='line_1_18' title="bbox 331 1552 1807 1619; baseline -0.003 -17"><span class='ocrx_word' id='word_1_123' title='bbox 331 1563 383 1602; x_wconf 92' lang='lat' dir='ltr'>et</span> <span class='ocrx_word' id='word_1_124' title='bbox 407 1556 607 1619; x_wconf 83' lang='lat' dir='ltr'>regibus</span> <span class='ocrx_word' id='word_1_125' title='bbox 632 1555 868 1600; x_wconf 84' lang='lat' dir='ltr'>Romanis</span> <span class='ocrx_word' id='word_1_126' title='bbox 892 1561 1027 1600; x_wconf 88' lang='lat' dir='ltr'>teste</span> <span class='ocrx_word' id='word_1_127' title='bbox 1054 1554 1109 1600; x_wconf 95' lang='lat' dir='ltr'>L.</span> <span class='ocrx_word' id='word_1_128' title='bbox 1136 1553 1309 1608; x_wconf 83' lang='lat' dir='ltr'>Bruto,</span> <span class='ocrx_word' id='word_1_129' title='bbox 1333 1552 1554 1599; x_wconf 85' lang='lat' dir='ltr'>fortassis</span> <span class='ocrx_word' id='word_1_130' title='bbox 1581 1555 1734 1598; x_wconf 88' lang='lat' dir='ltr'>etiam</span> <span class='ocrx_word' id='word_1_131' title='bbox 1757 1555 1807 1597; x_wconf 91' lang='lat' dir='ltr'>in</span> 
     </span>
     <span class='ocr_line' id='line_1_19' title="bbox 331 1629 1807 1695; baseline -0.003 -17"><span class='ocrx_word' id='word_1_132' title='bbox 331 1639 701 1695; x_wconf 86' lang='lat' dir='ltr'>argumentum,</span> <span class='ocrx_word' id='word_1_133' title='bbox 748 1634 983 1694; x_wconf 89' lang='lat' dir='ltr'>quoniam</span> <span class='ocrx_word' id='word_1_134' title='bbox 1028 1631 1095 1676; x_wconf 93' lang='lat' dir='ltr'>ibi</span> <span class='ocrx_word' id='word_1_135' title='bbox 1140 1630 1429 1676; x_wconf 86' lang='lat' dir='ltr'>libertatem</span> <span class='ocrx_word' id='word_1_136' title='bbox 1473 1629 1724 1693; x_wconf 90' lang='lat' dir='ltr'>publicam</span> <span class='ocrx_word' id='word_1_137' title='bbox 1768 1632 1807 1674; x_wconf 94' lang='lat' dir='ltr'>is</span> 
     </span>
     <span class='ocr_line' id='line_1_20' title="bbox 330 1705 1806 1755; baseline -0.003 0"><span class='ocrx_word' id='word_1_138' title='bbox 330 1713 595 1755; x_wconf 87' lang='lat' dir='ltr'>meruisset</span> <span class='ocrx_word' id='word_1_139' title='bbox 644 1707 930 1754; x_wconf 87' lang='lat' dir='ltr'>lauriferam</span> <span class='ocrx_word' id='word_1_140' title='bbox 981 1707 1213 1753; x_wconf 91' lang='lat' dir='ltr'>tellurem</span> <span class='ocrx_word' id='word_1_141' title='bbox 1263 1706 1397 1751; x_wconf 89' lang='lat' dir='ltr'>illam</span> <span class='ocrx_word' id='word_1_142' title='bbox 1447 1705 1694 1752; x_wconf 89' lang='lat' dir='ltr'>osculatus</span> <span class='ocrx_word' id='word_1_143' title='bbox 1746 1721 1806 1751; x_wconf 87' lang='lat' dir='ltr'>ex</span> 
     </span>
     <span class='ocr_line' id='line_1_21' title="bbox 329 1785 1808 1850; baseline -0.003 -18"><span class='ocrx_word' id='word_1_144' title='bbox 329 1802 583 1850; x_wconf 89' lang='lat' dir='ltr'>responso,</span> <span class='ocrx_word' id='word_1_145' title='bbox 620 1793 672 1831; x_wconf 90' lang='lat' dir='ltr'>et</span> <span class='ocrx_word' id='word_1_146' title='bbox 709 1788 825 1847; x_wconf 90' lang='lat' dir='ltr'>quia</span> <span class='ocrx_word' id='word_1_147' title='bbox 860 1801 1012 1830; x_wconf 90' lang='lat' dir='ltr'>manu</span> <span class='ocrx_word' id='word_1_148' title='bbox 1048 1791 1269 1830; x_wconf 86' lang='lat' dir='ltr'>satarum</span> <span class='ocrx_word' id='word_1_149' title='bbox 1304 1789 1722 1846; x_wconf 85' lang='lat' dir='ltr'>receptarumque</span> <span class='ocrx_word' id='word_1_150' title='bbox 1759 1785 1808 1827; x_wconf 91' lang='lat' dir='ltr'>in</span> 
     </span>
    </p>

    <p class='ocr_par' dir='ltr' id='par_1_5' title="bbox 235 1858 1808 1921">
     <span class='ocr_line' id='line_1_22' title="bbox 235 1858 1808 1921; baseline -0.002 -15"><span class='ocrx_word' id='word_1_151' title='bbox 235 1869 309 1907; x_wconf 87' lang='lat'>135</span> <span class='ocrx_word' id='word_1_152' title='bbox 333 1862 505 1908; x_wconf 87' lang='lat' dir='ltr'>domos</span> <span class='ocrx_word' id='word_1_153' title='bbox 522 1861 726 1907; x_wconf 87' lang='lat' dir='ltr'>fulmine</span> <span class='ocrx_word' id='word_1_154' title='bbox 743 1861 845 1906; x_wconf 83' lang='lat' dir='ltr'>sola</span> <span class='ocrx_word' id='word_1_155' title='bbox 860 1878 960 1906; x_wconf 91' lang='lat' dir='ltr'>non</span> <span class='ocrx_word' id='word_1_156' title='bbox 973 1863 1134 1906; x_wconf 86' lang='lat' dir='ltr'>icitur.</span> <span class='ocrx_word' id='word_1_157' title='bbox 1204 1860 1267 1905; x_wconf 92' lang='lat' dir='ltr'>ob</span> <span class='ocrx_word' id='word_1_158' title='bbox 1281 1858 1370 1905; x_wconf 88' lang='lat' dir='ltr'>has</span> <span class='ocrx_word' id='word_1_159' title='bbox 1385 1875 1557 1905; x_wconf 89' lang='lat' dir='ltr'>causas</span> <span class='ocrx_word' id='word_1_160' title='bbox 1574 1858 1808 1921; x_wconf 92' lang='lat' dir='ltr'>equidem</span> 
     </span>
    </p>
   </div>
   <div class='ocr_carea' id='block_1_3' title="bbox 334 2028 1810 2549">
    <p class='ocr_par' dir='ltr' id='par_1_6' title="bbox 334 2028 1810 2549">
     <span class='ocr_line' id='line_1_23' title="bbox 393 2028 1809 2082; baseline -0.002 -12"><span class='ocrx_word' id='word_1_161' title='bbox 393 2037 410 2054; x_wconf 82' lang='lat'>‘¹</span> <span class='ocrx_word' id='word_1_162' title='bbox 439 2031 515 2070; x_wconf 87' lang='lat' dir='ltr'>See</span> <span class='ocrx_word' id='word_1_163' title='bbox 561 2031 673 2082; x_wconf 81' lang='lat' dir='ltr'>Livy</span> <span class='ocrx_word' id='word_1_164' title='bbox 719 2030 754 2071; x_wconf 91' lang='lat' dir='ltr'>I.</span> <span class='ocrx_word' id='word_1_165' title='bbox 803 2032 867 2070; x_wconf 89' lang='grc'>56.</span> <span class='ocrx_word' id='word_1_166' title='bbox 927 2030 973 2069; x_wconf 92' lang='lat' dir='ltr'>L.</span> <span class='ocrx_word' id='word_1_167' title='bbox 1020 2029 1050 2069; x_wconf 70' lang='lat' dir='ltr'>,J</span> <span class='ocrx_word' id='word_1_168' title='bbox 1054 2030 1192 2076; x_wconf 91' lang='lat' dir='ltr'>unius,</span> <span class='ocrx_word' id='word_1_169' title='bbox 1239 2029 1418 2079; x_wconf 88' lang='lat' dir='ltr'>nephew</span> <span class='ocrx_word' id='word_1_170' title='bbox 1464 2028 1514 2068; x_wconf 83' lang='lat' dir='ltr'>of</span> <span class='ocrx_word' id='word_1_171' title='bbox 1552 2028 1809 2079; x_wconf 82' lang='lat' dir='ltr'>Tarquinius</span> 
     </span>
     <span class='ocr_line' id='line_1_24' title="bbox 335 2081 1808 2135; baseline -0.002 -12"><span class='ocrx_word' id='word_1_172' title='bbox 335 2085 564 2135; x_wconf 84' lang='lat' dir='ltr'>Superbus,</span> <span class='ocrx_word' id='word_1_173' title='bbox 581 2086 623 2123; x_wconf 89' lang='lat' dir='ltr'>in</span> <span class='ocrx_word' id='word_1_174' title='bbox 638 2084 760 2122; x_wconf 91' lang='lat' dir='ltr'>order</span> <span class='ocrx_word' id='word_1_175' title='bbox 780 2088 826 2122; x_wconf 78' lang='lat' dir='ltr'>to</span> <span class='ocrx_word' id='word_1_176' title='bbox 845 2096 995 2134; x_wconf 85' lang='lat' dir='ltr'>escape</span> <span class='ocrx_word' id='word_1_177' title='bbox 1008 2083 1083 2121; x_wconf 80' lang='lat' dir='ltr'>the</span> <span class='ocrx_word' id='word_1_178' title='bbox 1098 2083 1186 2122; x_wconf 89' lang='lat' dir='ltr'>fate</span> <span class='ocrx_word' id='word_1_179' title='bbox 1201 2082 1250 2121; x_wconf 89' lang='lat' dir='ltr'>of</span> <span class='ocrx_word' id='word_1_180' title='bbox 1264 2083 1329 2121; x_wconf 89' lang='lat' dir='ltr'>his</span> <span class='ocrx_word' id='word_1_181' title='bbox 1343 2082 1457 2121; x_wconf 88' lang='lat' dir='ltr'>elder</span> <span class='ocrx_word' id='word_1_182' title='bbox 1477 2082 1650 2120; x_wconf 82' lang='lat' dir='ltr'>brother</span> <span class='ocrx_word' id='word_1_183' title='bbox 1669 2081 1808 2120; x_wconf 88' lang='lat' dir='ltr'>whom</span> 
     </span>
     <span class='ocr_line' id='line_1_25' title="bbox 335 2135 1809 2188; baseline -0.002 -12"><span class='ocrx_word' id='word_1_184' title='bbox 335 2138 524 2188; x_wconf 85' lang='lat' dir='ltr'>Tarquin</span> <span class='ocrx_word' id='word_1_185' title='bbox 559 2138 643 2176; x_wconf 83' lang='lat' dir='ltr'>had</span> <span class='ocrx_word' id='word_1_186' title='bbox 677 2138 916 2183; x_wconf 87' lang='lat' dir='ltr'>murdered,</span> <span class='ocrx_word' id='word_1_187' title='bbox 951 2137 1118 2187; x_wconf 86' lang='lat' dir='ltr'>feigned</span> <span class='ocrx_word' id='word_1_188' title='bbox 1153 2136 1308 2186; x_wconf 85' lang='lat' dir='ltr'>idiocy,</span> <span class='ocrx_word' id='word_1_189' title='bbox 1345 2136 1430 2174; x_wconf 84' lang='lat' dir='ltr'>and</span> <span class='ocrx_word' id='word_1_190' title='bbox 1465 2135 1595 2174; x_wconf 87' lang='lat' dir='ltr'>hence</span> <span class='ocrx_word' id='word_1_191' title='bbox 1627 2138 1703 2185; x_wconf 79' lang='lat' dir='ltr'>got</span> <span class='ocrx_word' id='word_1_192' title='bbox 1734 2135 1809 2173; x_wconf 82' lang='lat' dir='ltr'>the</span> 
     </span>
     <span class='ocr_line' id='line_1_26' title="bbox 336 2187 1809 2240; baseline -0.003 -10"><span class='ocrx_word' id='word_1_193' title='bbox 336 2203 462 2230; x_wconf 86' lang='lat' dir='ltr'>name</span> <span class='ocrx_word' id='word_1_194' title='bbox 485 2191 534 2229; x_wconf 88' lang='lat' dir='ltr'>of</span> <span class='ocrx_word' id='word_1_195' title='bbox 555 2191 730 2230; x_wconf 82' lang='lat' dir='ltr'>Brutus.</span> <span class='ocrx_word' id='word_1_196' title='bbox 789 2191 855 2229; x_wconf 89' lang='lat' dir='ltr'>He</span> <span class='ocrx_word' id='word_1_197' title='bbox 880 2190 1185 2240; x_wconf 81' lang='lat' dir='ltr'>aecompam‘ed</span> <span class='ocrx_word' id='word_1_198' title='bbox 1209 2189 1435 2240; x_wconf 87' lang='lat' dir='ltr'>Tarquin&#39;s</span> <span class='ocrx_word' id='word_1_199' title='bbox 1459 2201 1558 2227; x_wconf 90' lang='lat' dir='ltr'>sons</span> <span class='ocrx_word' id='word_1_200' title='bbox 1582 2194 1629 2227; x_wconf 82' lang='lat' dir='ltr'>to</span> <span class='ocrx_word' id='word_1_201' title='bbox 1655 2187 1809 2238; x_wconf 90' lang='lat' dir='ltr'>Delphi</span> 
     </span>
     <span class='ocr_line' id='line_1_27' title="bbox 335 2241 1808 2293; baseline -0.002 -10"><span class='ocrx_word' id='word_1_202' title='bbox 335 2249 383 2283; x_wconf 80' lang='lat' dir='ltr'>to</span> <span class='ocrx_word' id='word_1_203' title='bbox 410 2244 577 2283; x_wconf 76' lang='lat' dir='ltr'>consult</span> <span class='ocrx_word' id='word_1_204' title='bbox 603 2244 677 2282; x_wconf 83' lang='lat' dir='ltr'>the</span> <span class='ocrx_word' id='word_1_205' title='bbox 704 2243 842 2282; x_wconf 83' lang='lat' dir='ltr'>oracle</span> <span class='ocrx_word' id='word_1_206' title='bbox 869 2256 916 2282; x_wconf 88' lang='lat' dir='ltr'>as</span> <span class='ocrx_word' id='word_1_207' title='bbox 943 2248 990 2282; x_wconf 81' lang='lat' dir='ltr'>to</span> <span class='ocrx_word' id='word_1_208' title='bbox 1016 2243 1091 2282; x_wconf 78' lang='lat' dir='ltr'>the</span> <span class='ocrx_word' id='word_1_209' title='bbox 1118 2246 1292 2293; x_wconf 79' lang='lat' dir='ltr'>portent</span> <span class='ocrx_word' id='word_1_210' title='bbox 1320 2242 1367 2281; x_wconf 82' lang='lat' dir='ltr'>of</span> <span class='ocrx_word' id='word_1_211' title='bbox 1389 2255 1414 2281; x_wconf 87' lang='lat' dir='ltr'>a</span> <span class='ocrx_word' id='word_1_212' title='bbox 1441 2241 1572 2281; x_wconf 87' lang='lat' dir='ltr'>snake</span> <span class='ocrx_word' id='word_1_213' title='bbox 1599 2241 1697 2280; x_wconf 72' lang='lat' dir='ltr'>that</span> <span class='ocrx_word' id='word_1_214' title='bbox 1725 2241 1808 2280; x_wconf 87' lang='lat' dir='ltr'>had</span> 
     </span>
     <span class='ocr_line' id='line_1_28' title="bbox 336 2294 1809 2348; baseline -0.001 -13"><span class='ocrx_word' id='word_1_215' title='bbox 336 2297 549 2348; x_wconf 88' lang='lat' dir='ltr'>appeared</span> <span class='ocrx_word' id='word_1_216' title='bbox 584 2297 625 2335; x_wconf 90' lang='lat' dir='ltr'>in</span> <span class='ocrx_word' id='word_1_217' title='bbox 658 2297 733 2336; x_wconf 83' lang='lat' dir='ltr'>the</span> <span class='ocrx_word' id='word_1_218' title='bbox 766 2296 905 2347; x_wconf 84' lang='lat' dir='ltr'>king&#39;s</span> <span class='ocrx_word' id='word_1_219' title='bbox 938 2295 1098 2347; x_wconf 87' lang='lat' dir='ltr'>palace.</span> <span class='ocrx_word' id='word_1_220' title='bbox 1156 2296 1245 2334; x_wconf 81' lang='lat' dir='ltr'>The</span> <span class='ocrx_word' id='word_1_221' title='bbox 1279 2300 1364 2334; x_wconf 81' lang='lat' dir='ltr'>two</span> <span class='ocrx_word' id='word_1_222' title='bbox 1399 2296 1563 2346; x_wconf 85' lang='lat' dir='ltr'>princes</span> <span class='ocrx_word' id='word_1_223' title='bbox 1596 2294 1701 2334; x_wconf 81' lang='lat' dir='ltr'>took</span> <span class='ocrx_word' id='word_1_224' title='bbox 1735 2294 1809 2333; x_wconf 81' lang='lat' dir='ltr'>the</span> 
     </span>
     <span class='ocr_line' id='line_1_29' title="bbox 337 2347 1810 2401; baseline -0.002 -12"><span class='ocrx_word' id='word_1_225' title='bbox 337 2350 621 2401; x_wconf 81' lang='lat' dir='ltr'>opportunity</span> <span class='ocrx_word' id='word_1_226' title='bbox 649 2350 698 2389; x_wconf 88' lang='lat' dir='ltr'>of</span> <span class='ocrx_word' id='word_1_227' title='bbox 718 2349 868 2400; x_wconf 82' lang='lat' dir='ltr'>asking</span> <span class='ocrx_word' id='word_1_228' title='bbox 894 2350 969 2388; x_wconf 85' lang='lat' dir='ltr'>the</span> <span class='ocrx_word' id='word_1_229' title='bbox 995 2349 1133 2388; x_wconf 82' lang='lat' dir='ltr'>oracle</span> <span class='ocrx_word' id='word_1_230' title='bbox 1160 2349 1255 2387; x_wconf 85' lang='lat' dir='ltr'>who</span> <span class='ocrx_word' id='word_1_231' title='bbox 1281 2348 1433 2387; x_wconf 88' lang='lat' dir='ltr'>should</span> <span class='ocrx_word' id='word_1_232' title='bbox 1461 2348 1637 2387; x_wconf 87' lang='lat' dir='ltr'>succeed</span> <span class='ocrx_word' id='word_1_233' title='bbox 1663 2352 1710 2386; x_wconf 87' lang='lat' dir='ltr'>to</span> <span class='ocrx_word' id='word_1_234' title='bbox 1736 2347 1810 2386; x_wconf 80' lang='lat' dir='ltr'>the</span> 
     </span>
     <span class='ocr_line' id='line_1_30' title="bbox 336 2401 1809 2453; baseline -0.002 -11"><span class='ocrx_word' id='word_1_235' title='bbox 336 2404 502 2443; x_wconf 77' lang='lat' dir='ltr'>throne.</span> <span class='ocrx_word' id='word_1_236' title='bbox 560 2403 649 2442; x_wconf 88' lang='lat' dir='ltr'>The</span> <span class='ocrx_word' id='word_1_237' title='bbox 673 2416 836 2442; x_wconf 88' lang='lat' dir='ltr'>answer</span> <span class='ocrx_word' id='word_1_238' title='bbox 859 2404 985 2453; x_wconf 82' lang='lat' dir='ltr'>given</span> <span class='ocrx_word' id='word_1_239' title='bbox 1009 2415 1122 2442; x_wconf 85' lang='lat' dir='ltr'>was:</span> <span class='ocrx_word' id='word_1_240' title='bbox 1167 2402 1250 2442; x_wconf 78' lang='lat' dir='ltr'>The</span> <span class='ocrx_word' id='word_1_241' title='bbox 1274 2415 1348 2441; x_wconf 81' lang='lat' dir='ltr'>one</span> <span class='ocrx_word' id='word_1_242' title='bbox 1372 2402 1458 2440; x_wconf 79' lang='lat' dir='ltr'>who</span> <span class='ocrx_word' id='word_1_243' title='bbox 1474 2401 1568 2452; x_wconf 70' lang='lat' dir='ltr'>first</span> <span class='ocrx_word' id='word_1_244' title='bbox 1593 2401 1721 2440; x_wconf 65' lang='lat' dir='ltr'>lois-ses</span> <span class='ocrx_word' id='word_1_245' title='bbox 1744 2401 1809 2439; x_wconf 71' lang='lat' dir='ltr'>his</span> 
     </span>
     <span class='ocr_line' id='line_1_31' title="bbox 334 2454 1808 2506; baseline -0.002 -11"><span class='ocrx_word' id='word_1_246' title='bbox 334 2457 500 2496; x_wconf 79' lang='lat' dir='ltr'>mother.</span> <span class='ocrx_word' id='word_1_247' title='bbox 558 2456 721 2495; x_wconf 79' lang='lat' dir='ltr'>Brutus</span> <span class='ocrx_word' id='word_1_248' title='bbox 746 2456 979 2506; x_wconf 80' lang='lat' dir='ltr'>pretended</span> <span class='ocrx_word' id='word_1_249' title='bbox 1006 2462 1053 2494; x_wconf 82' lang='lat' dir='ltr'>to</span> <span class='ocrx_word' id='word_1_250' title='bbox 1080 2455 1267 2494; x_wconf 83' lang='lat' dir='ltr'>stumble</span> <span class='ocrx_word' id='word_1_251' title='bbox 1293 2455 1377 2494; x_wconf 86' lang='lat' dir='ltr'>and</span> <span class='ocrx_word' id='word_1_252' title='bbox 1405 2455 1547 2494; x_wconf 87' lang='lat' dir='ltr'>kissed</span> <span class='ocrx_word' id='word_1_253' title='bbox 1572 2454 1647 2493; x_wconf 67' lang='lat' dir='ltr'>the</span> <span class='ocrx_word' id='word_1_254' title='bbox 1672 2454 1808 2501; x_wconf 78' lang='lat' dir='ltr'>earth,</span> 
     </span>
     <span class='ocr_line' id='line_1_32' title="bbox 336 2509 981 2549; baseline 0 -1"><span class='ocrx_word' id='word_1_255' title='bbox 336 2510 409 2548; x_wconf 84' lang='lat' dir='ltr'>the</span> <span class='ocrx_word' id='word_1_256' title='bbox 432 2510 599 2548; x_wconf 84' lang='lat' dir='ltr'>mother</span> <span class='ocrx_word' id='word_1_257' title='bbox 619 2509 668 2549; x_wconf 87' lang='lat' dir='ltr'>of</span> <span class='ocrx_word' id='word_1_258' title='bbox 683 2509 740 2549; x_wconf 80' lang='lat' dir='ltr'>all</span> <span class='ocrx_word' id='word_1_259' title='bbox 761 2510 981 2549; x_wconf 85' lang='lat' dir='ltr'>mankind.</span> 
     </span>
    </p>
   </div>
   <div class='ocr_carea' id='block_1_4' title="bbox 337 2588 426 2645">
    <p class='ocr_par' dir='ltr' id='par_1_7' title="bbox 337 2588 426 2645">
     <span class='ocr_line' id='line_1_33' title="bbox 337 2588 426 2645; baseline 0 0"><span class='ocrx_word' id='word_1_260' title='bbox 337 2588 426 2645; x_wconf 81' lang='lat'>378</span> 
     </span>
    </p>
   </div>
  </div>
 </body>
</html>
