1940 2998
580 164 826 210 PLINY:
889 163 1220 210 NATURAL
1264 162 1561 211 HISTORY

331 296 555 355 ramique
592 295 644 337 in
680 292 876 338 caelum
912 291 1203 346 tendentes,
1240 307 1339 336 non
1374 293 1425 336 in
1459 290 1619 337 latera
1649 293 1808 355 proni.

233 385 308 425 123
333 383 528 434 mirum,
579 379 915 424 cacuminibus
969 394 1140 423 eorum
1191 377 1367 423 decisis
1418 380 1642 433 moritur,
1690 380 1810 425 totis

333 483 448 512 vero
476 465 785 511 detruncatis
815 465 990 518 durat3
1037 471 1091 510 et
1119 466 1159 510 si
1186 462 1315 509 infra
1343 479 1493 526 quam
1520 467 1644 509 rami
1671 462 1810 511 fuere

331 552 668 616 praecidatur,
711 551 845 613 quod
887 558 1116 613 superest
1158 552 1295 606 vivit,
1336 552 1375 595 si
1417 567 1534 596 vero
1573 567 1810 597 cacumen

331 646 531 685 tantum
583 636 856 692 auferatur,
906 644 1017 683 tota
1065 640 1290 682 moritur.
1359 636 1484 682 aliae
1535 637 1598 682 ab
1645 636 1811 683 radice

334 724 670 780 bracchiatae,
708 730 764 770 ut
801 724 980 780 ulmus,
1010 723 1137 769 aliae
1173 727 1225 768 in
1256 726 1513 769 cacumine
1549 723 1811 780 ramosae,¹

333 819 388 858 ut
431 815 593 875 pinus,
639 811 756 857 faba
801 811 1012 866 Graeca,
1057 827 1209 872 quam
1253 809 1443 856 Romae
1489 827 1518 855 a
1563 813 1811 858 suavitate

332 898 538 953 fructus,
555 898 790 944 silvestris
809 897 1013 959 quidem
1029 897 1118 943 sed
1134 913 1415 942 cerasorum
1435 913 1597 959 paene
1615 904 1812 953 natura,

234 992 312 1031 124
334 985 471 1031 loton
516 984 786 1048 appellant.
853 987 1122 1047 praecipue
1166 983 1395 1029 domibus
1440 986 1696 1047 expetitur
1738 1000 1813 1029 ra-

332 1089 525 1118 morum
578 1071 863 1135 petulantia
916 1071 1055 1116 brevi
1108 1070 1314 1116 caudice
1368 1069 1608 1116 latissima
1662 1087 1813 1134 expa—

330 1161 568 1205 tiantium
608 1159 785 1204 umbra
826 1164 879 1203 et
918 1160 969 1202 in
1009 1159 1192 1202 vicinas
1233 1157 1406 1202 domos
1446 1173 1597 1219 saepe
1638 1160 1813 1203 transi-

331 1245 576 1291 lientium.
657 1244 794 1289 nulla
858 1247 1081 1307 opacitas
1146 1244 1358 1298 brew'or,
1422 1259 1515 1289 nec
1580 1242 1813 1290 auferunt

333 1335 456 1378 rami
476 1332 494 1361 2
518 1331 673 1377 solem
695 1330 862 1377 hieme
887 1330 1239 1376 decidentibus
1264 1329 1406 1376 foliis.
1475 1330 1618 1376 nullis
1640 1338 1811 1377 cortex

329 1417 591 1465 iucundior
624 1425 715 1464 aut
740 1417 909 1463 oculos
942 1420 1198 1478 excipiens
1229 1416 1478 1473 blandius,
1505 1416 1653 1462 nullis
1682 1420 1806 1463 rami

332 1506 582 1568 longiores
609 1504 974 1566 validioresque
1002 1511 1089 1549 aut
1112 1504 1298 1566 plures,
1318 1510 1375 1549 ut
1394 1503 1577 1549 dixisse
1597 1504 1811 1550 totidem

333 1593 532 1638 arbores
562 1592 729 1637 liceat.
798 1593 984 1636 cortice
1020 1590 1176 1654 pelles
1213 1593 1437 1653 tingunt,
1460 1590 1628 1636 radice
1657 1590 1809 1637 lanas.

332 1679 473 1725 malis
498 1681 755 1742 proprium
779 1694 967 1740 genus:
994 1676 1213 1723 ferarum
1244 1680 1376 1723 enim
1407 1683 1566 1723 rostra
1593 1677 1813 1724 reddunt

333 1765 722 1812 adhaerentibus
750 1767 834 1810 uni
861 1766 1080 1809 maximo
1105 1764 1393 1809 minoribus.

238 1859 314 1899 125
401 1852 532 1899 LIV.
571 1851 842 1897 Ramorum
879 1850 1029 1913 aliqui
1066 1853 1219 1906 caeci,
1255 1853 1338 1913 qui
1377 1867 1475 1896 non
1511 1853 1812 1914 germinant,

334 1939 467 2002 quod
492 1946 672 1984 natura
692 1938 748 1983 fit
766 1941 806 1984 si
833 1954 934 1984 non
959 1937 1207 1993 evaluere,
1227 1944 1315 1983 aut
1337 1954 1502 2001 poena
1525 1954 1639 1983 cum
1657 1937 1812 2001 depu-

333 2034 466 2072 tatos
482 2028 688 2071 cicatrix
704 2024 980 2071 hebetavit.
1043 2040 1171 2086 quae
1189 2024 1399 2070 dividuis
1415 2027 1466 2069 in
1480 2040 1618 2070 ramo
1633 2031 1813 2071 natura

334 2120 411 2159 est
428 2112 553 2158 haec
570 2114 659 2158 viti
677 2114 727 2157 in
747 2111 906 2166 oculo,
924 2110 1189 2156 harundini
1209 2113 1259 2155 in
1277 2110 1522 2173 geniculo.
1591 2114 1809 2157 omnium

396 2221 410 2243 ¹
439 2219 679 2258 Racklzam:
710 2218 794 2257 alia
824 2247 834 2257 .
867 2247 876 2256 .
909 2247 919 2257 .
953 2217 1200 2256 bracchiata
1231 2246 1242 2256 .
1272 2246 1284 2257 .
1315 2245 1327 2257 .
1357 2216 1441 2256 alia
1470 2246 1482 2257 .
1513 2246 1525 2257 .
1556 2246 1566 2257 .
1596 2230 1782 2258 ramosa..

393 2273 408 2296 ²
437 2274 546 2311 rami
565 2271 658 2310 add.
684 2271 886 2321 illayhfosf.

392 2438 409 2456 ⁰
437 2431 526 2470 The
571 2430 730 2470 Italian
773 2430 1057 2479 persimmom
1102 2429 1178 2468 the
1216 2429 1534 2469 identification
1568 2429 1672 2470 with
1703 2429 1807 2480 faba

340 2485 497 2524 Graeca
521 2484 610 2533 (the
632 2483 893 2534 date-plum)
917 2483 952 2521 is
973 2496 997 2520 a
1019 2483 1218 2522 mistake.

331 2561 421 2619 468
