1909 2998
242 478 294 516 49

243 1040 294 1077 50

244 1760 290 1797 51

580 184 824 231 PLINY:
889 183 1219 231 NATURAL
1264 183 1561 231 HISTORY

326 310 594 358 Sthenelus
623 328 649 358 c
676 311 826 375 plebe
856 311 1092 357 libertina
1122 325 1180 356 Lx
1218 314 1448 374 iugerum
1474 327 1574 357 non
1599 311 1809 375 amplius

326 394 482 438 vineis
539 391 750 437 excultis
806 394 857 436 in
918 391 1237 437 Nomentano
1302 407 1422 454 agro
1481 398 1635 454 atque
1699 395 1811 438 ff:

327 489 586 517 nummum
638 470 952 517 venundatis.
1041 487 1225 533 magna
1275 469 1411 516 fama
1460 478 1513 517 et
1560 470 1810 518 Vetuleno

327 551 539 615 Aegialo
586 551 797 614 perinde
850 551 1085 597 libertino
1133 550 1229 597 fuit
1276 553 1327 595 in
1375 550 1650 614 Campania
1697 568 1809 598 rure

328 631 605 687 Liternino,
634 634 891 694 maiorque
918 634 1074 677 etiam
1099 630 1267 677 favore
1292 629 1550 677 hominum
1576 634 1810 693 quoniam

326 714 489 775 ipsum
518 710 742 757 Africani
774 711 974 757 colebat
1008 711 1241 765 exilium;
1291 710 1382 757 sed
1413 713 1651 767 maxima,
1684 714 1811 757 eius-

325 792 441 838 dem
467 791 693 839 Stheneli
722 808 891 853 opera,
918 791 1147 838 Remmio
1172 790 1478 846 Palaemoni,
1503 791 1623 837 alias
1647 808 1811 854 gram-

325 876 511 918 matica
546 879 656 918 arte
691 871 893 926 celebri,
934 875 986 917 in
1025 870 1161 918 hisce
1197 886 1259 916 xx
1295 874 1435 917 annis
1471 879 1694 918 mercato
1729 889 1810 918 rus

328 949 387 998 BE
419 969 681 998 nummum
704 955 755 998 in
779 952 958 998 eodem
993 951 1312 999 Nomentano
1335 951 1516 998 decimi
1546 951 1724 1014 lapidis
1747 952 1810 997 ab

326 1033 449 1079 urbe
508 1031 830 1079 deverticulo.
903 1039 980 1079 est
1040 1039 1211 1078 autern
1271 1048 1633 1094 usquequaque
1691 1039 1812 1078 nota

325 1112 487 1159 vilitas
505 1116 681 1159 mercis
699 1129 789 1175 per
799 1115 967 1159 omnia
984 1112 1366 1167 suburbana,ibi
1382 1118 1558 1158 tamen
1574 1115 1809 1168 maxime,

327 1196 561 1255 quoniam
593 1199 646 1239 et
670 1192 904 1256 neglecta
932 1191 1249 1256 indiligentia
1267 1191 1287 1220 1
1319 1192 1526 1254 praedia
1545 1199 1811 1254 paraverat

326 1290 382 1319 ac
428 1289 490 1319 ne
533 1275 584 1318 in
628 1275 854 1335 pessimis
901 1273 1105 1335 quidem
1151 1271 1471 1335 elegantioris
1515 1271 1620 1318 soli.
1687 1271 1811 1319 haec

326 1353 588 1416 adgressus
630 1353 859 1399 excolere
899 1369 999 1399 non
1038 1355 1225 1399 virtute
1265 1355 1418 1398 animi
1457 1352 1547 1398 sed
1585 1354 1811 1399 vanitate

326 1436 502 1494 primo,
549 1450 678 1495 quae
724 1440 845 1479 nota
889 1436 1014 1479 mire
1059 1436 1111 1479 in
1154 1431 1236 1478 illo
1282 1432 1394 1487 fuit,
1439 1435 1703 1494 pastinatis
1747 1432 1811 1480 de

326 1516 523 1575 integro
546 1517 701 1560 vineis
724 1530 843 1560 cura
865 1512 1110 1567 Stheneli,
1133 1512 1253 1559 dum
1276 1512 1547 1576 agricolam
1567 1515 1812 1568 imitatur,

327 1594 391 1639 ad
423 1597 503 1639 vix
535 1592 772 1640 credibile
804 1593 1097 1639 miraculum
1131 1592 1386 1655 perduxit,
1417 1595 1551 1639 intra
1578 1600 1811 1639 octavum

327 1690 513 1719 annum
566 1670 677 1720 (fec
715 1690 977 1719 nummum
1032 1676 1247 1734 emptori
1299 1672 1504 1719 addicta
1554 1673 1812 1734 pendente

330 1754 608 1808 vindemia3
666 1757 985 1816 cucurritque
1029 1770 1178 1800 nemo
1222 1753 1361 1799 non2
1405 1753 1469 1799 ad
1512 1753 1811 1815 spectandas

327 1850 534 1879 uvarum
575 1837 627 1879 in
666 1837 723 1880 iis
766 1837 922 1880 vineis
964 1840 1145 1889 strues,
1186 1833 1366 1880 litteris
1409 1836 1513 1879 eius
1555 1832 1811 1880 altioribus

326 1921 500 1960 contra
524 1914 574 1960 id
600 1917 742 1977 pigra
768 1917 1026 1960 vicinitate
1048 1914 1140 1959 sibi
1159 1917 1525 1975 patrocinante,
1547 1919 1599 1958 et
1614 1912 1634 1942 3
1655 1916 1812 1960 novis-

326 1997 450 2040 sime
491 1995 702 2040 Annaeo
743 1993 953 2049 Seneca,
993 1996 1216 2055 principe
1256 2001 1365 2039 tum
1408 1993 1715 2039 eruditorum
1755 2009 1812 2038 ac

639 2111 654 2134 1
686 2110 923 2161 indiligenti
947 2111 1021 2158 (sc.
1045 2109 1259 2158 homini)?
1295 2109 1344 2148 M
1346 2108 1497 2160 ayhoff.

640 2164 656 2187 ²
687 2163 944 2203 Gronovius:
977 2176 1063 2202 non
1084 2176 1226 2202 nemo.

640 2217 656 2241 ⁸
685 2222 729 2256 ot
749 2218 846 2256 add.
871 2216 1103 2255 Rackham.

382 2400 399 2417 ⁰
427 2393 517 2431 The
556 2394 670 2432 elder
709 2393 850 2443 Scipio
890 2392 1117 2431 Africanus
1157 2392 1312 2432 retired
1352 2392 1615 2443 voluntarily
1653 2396 1700 2431 to
1747 2392 1812 2432 his

328 2450 520 2538 {⁹1}anth
521 2452 624 2538 ¹seat)
645 2452 691 2486 at
713 2447 935 2486 Liternum
957 2447 1000 2485 in
1024 2448 1100 2486 185
1124 2458 1207 2485 Bc.
1229 2446 1315 2485 and
1336 2446 1435 2486 died
1456 2446 1576 2486 there
1596 2459 1622 2485 a
1641 2458 1745 2498 year
1764 2459 1812 2486 or

329 2577 415 2620 218
