1909 2998
241 319 287 357 81

240 1117 291 1155 82

240 1519 290 1557 83

578 183 823 230 PLINY:
888 183 1217 229 NATURAL
1262 182 1559 230 HISTORY

323 313 524 374 regibus
548 310 826 358 Persarum.
897 328 959 357 ex
982 310 1125 374 Syria
1145 309 1394 357 revehunt
1415 318 1683 374 styracem,
1706 314 1806 358 acri

323 393 475 438 odore
528 394 633 438 eius
685 395 737 437 in
787 390 909 437 focis
962 392 1225 453 abigentes
1278 407 1479 437 suorum
1530 390 1803 438 fastidium.

323 479 494 518 cetero
513 489 612 517 non
632 471 729 517 alia
749 478 865 517 sunt
884 471 1006 532 ligni
1025 487 1214 534 genera
1230 473 1280 515 in
1297 487 1390 517 usu
1409 488 1559 533 quam
1579 471 1805 528 odorata,

324 552 561 614 cibosque
612 551 792 597 Sabaei
841 557 1024 596 cocunt
1076 553 1200 597 turis
1253 550 1406 613 ligno,
1459 550 1542 596 alii
1590 568 1806 607 murrae,

324 632 620 694 oppidorum
651 635 973 693 vicorumque
1006 647 1105 676 non
1136 629 1232 676 alio
1264 647 1416 693 quam
1447 647 1509 676 ex
1541 634 1638 677 aris
1669 630 1807 677 fumo

325 719 478 773 atque
507 712 697 757 nidore.
767 711 832 757 ad
859 710 990 756 hunc
1020 726 1140 773 ergo
1169 709 1447 756 sanandum
1476 717 1728 774 styracem
1757 714 1806 756 in

326 790 522 837 follibus
541 798 726 854 petunt
743 790 761 820 1
780 790 980 836 hircinis
1000 789 1303 852 suffiuntque
1322 796 1489 836 tecta:
1527 790 1654 836 adeo
1672 790 1807 837 nulla

326 878 402 916 est
436 871 665 934 voluptas
700 887 829 933 quae
863 886 962 916 non
997 869 1303 916 adsiduitate
1336 868 1595 916 fastidium
1625 873 1805 934 pariat.

326 951 544 997 eundem
572 958 625 997 et
652 950 717 996 ad
743 953 991 1014 serpentis
1019 948 1266 1012 fugandas
1294 956 1446 996 urunt
1472 952 1523 995 in
1550 949 1807 997 odoriferis

323 1031 454 1077 Silvis
480 1030 924 1093 frequentissimas.

385 1111 521 1157 XLI.
561 1111 671 1156 Non
697 1118 814 1157 sunt
847 1128 1020 1156 eorum
1052 1112 1425 1157 cinnamomum
1458 1117 1546 1157 aut
1578 1113 1729 1167 casia,
1753 1119 1807 1158 et

322 1198 497 1237 tamen
548 1190 669 1237 felix
724 1191 1006 1254 appellatur
1059 1191 1263 1247 Arabia,
1316 1190 1428 1236 falsi
1480 1198 1534 1237 et
1585 1193 1769 1254 ingrati
1788 1189 1808 1219 2

322 1274 648 1334 cognominis,
689 1288 818 1334 quae
857 1270 950 1317 hoc
990 1277 1256 1334 acceptum
1296 1273 1486 1334 superis
1525 1269 1656 1318 ferat
1693 1288 1806 1317 cum

322 1351 432 1415 plus
471 1369 534 1398 ex
572 1368 632 1398 eo
668 1350 839 1397 inferis
877 1350 1080 1397 debeat.
1148 1351 1354 1397 beatam
1391 1350 1526 1396 illam
1563 1350 1686 1398 fecit
1720 1350 1807 1397 ho-

322 1434 513 1478 minum
538 1435 693 1477 etiam
717 1435 769 1476 in
792 1438 955 1477 morte
981 1431 1176 1476 luxuria
1200 1447 1329 1493 quae
1352 1430 1428 1476 dis
1451 1430 1807 1478 intellexerant

321 1515 496 1574 genita
549 1514 856 1557 inurentium
909 1510 1177 1557 defunctis.
1243 1514 1395 1574 periti
1446 1527 1614 1557 rerum
1666 1512 1808 1558 adse-

323 1599 500 1638 verant
530 1608 629 1637 non
659 1591 791 1637 ferre
821 1598 1024 1637 tantum
1055 1607 1221 1636 annuo
1251 1590 1362 1637 fetu
1392 1598 1638 1653 quantum
1673 1591 1807 1638 Nero

321 1675 553 1735 princeps
573 1674 838 1717 novissimo
859 1669 1127 1734 Poppaeae
1151 1687 1270 1716 suae
1294 1670 1376 1716 die
1398 1675 1804 1718 concremaverit.

323 1754 655 1798 aestimentur
670 1759 850 1815 postea
865 1758 977 1797 toto
996 1751 1115 1797 orbe
1133 1750 1339 1813 singulis
1359 1753 1499 1796 annis
1516 1758 1596 1797 tot
1612 1750 1805 1807 funera,

322 1835 695 1894 acervatimque
712 1838 953 1894 congesta
968 1830 1143 1876 honori
1161 1830 1461 1877 cadaverum
1477 1847 1606 1893 quae
1623 1831 1698 1877 dis
1715 1848 1806 1895 per

323 1911 541 1974 singulas
566 1915 720 1957 micas
745 1911 955 1957 dantur!
993 1928 1086 1957 nec
1110 1913 1272 1956 minus
1290 1913 1494 1974 propitii
1513 1918 1657 1957 erant
1674 1911 1805 1957 mola

690 2079 704 2103 ¹
741 2078 819 2118 VJ.
841 2083 1056 2129 styracem
1077 2083 1210 2117 urunt
1230 2079 1273 2117 in
1293 2077 1478 2118 follibus.

688 2133 703 2156 ²
740 2132 816 2172 V.l.
839 2132 946 2171 falsa
966 2136 1011 2171 et
1030 2133 1213 2183 ingrata.

380 2320 397 2337 ‘¹
427 2315 515 2353 The
537 2328 613 2366 sap
634 2315 682 2354 of
697 2315 845 2354 Storax
865 2315 1095 2366 officinalis.

380 2367 394 2391 ὃ
426 2368 613 2406 Because
634 2368 821 2407 Arabian
844 2369 1057 2420 persumes
1073 2382 1180 2408 were
1200 2370 1401 2422 specially
1421 2371 1576 2410 valued
1598 2372 1661 2411 for
1681 2371 1806 2411 burn-

323 2422 391 2472 ing
411 2435 463 2460 on
486 2422 646 2460 funeral
668 2422 925 2473 pyres—the
944 2423 1121 2473 original
1141 2436 1324 2474 purpose
1343 2425 1390 2463 of
1404 2424 1478 2464 the
1496 2429 1661 2464 custom
1683 2425 1808 2477 being

323 2480 368 2513 to
389 2488 634 2526 overpower
655 2476 727 2514 the
749 2476 953 2515 offensive
974 2476 1106 2516 smell.

322 2551 378 2594 60
