1925 2998
601 194 847 239 PLINY:
912 193 1243 240 NATURAL
1288 193 1586 241 HISTORY

248 328 329 368 222
424 321 655 367 LXXXI.
710 321 863 382 Apud
910 338 997 366 nos
1044 323 1288 366 materiae
1337 320 1594 367 finduntur
1637 321 1833 384 aliquae

353 395 560 449 sponte,
627 388 691 433 ob
740 388 791 433 id
840 386 1101 433 architecti
1150 403 1234 432 eas
1285 386 1400 432 fimo
1449 387 1615 434 inlitas
1663 391 1834 435 siccari

353 455 530 500 iubent
580 461 637 500 ut
691 453 904 499 adflatus
958 470 1057 498 non
1085 453 1104 482 1
1156 460 1387 499 noceant.
1478 454 1672 515 pondus
1730 471 1835 502 sus-

354 523 516 566 tinere
573 520 769 566 validae
827 520 983 575 abies,
1043 519 1184 574 larix,
1242 522 1397 565 etiam
1451 522 1503 565 in
1558 527 1835 567 traversum

353 590 575 647 positae3
618 587 786 641 robur,
812 586 923 632 olea
947 589 1269 631 incurvantur
1293 586 1582 648 ceduntque
1608 587 1835 649 ponderi,

354 653 467 698 illae
516 656 803 699 renituntur
851 669 943 698 nec
991 660 1186 699 temere
1235 660 1551 714 rumpuntur,
1599 656 1835 716 priusque

250 725 329 765 223
352 722 483 765 carie
508 736 659 781 quam
682 720 864 765 viribus
884 718 1139 766 deficiunt.
1190 725 1243 765 et
1260 719 1458 781 palmae
1482 720 1627 765 arbor
1644 720 1835 775 valida3

353 789 404 831 in
445 786 694 832 diversum
737 788 870 832 enim
917 793 1150 831 curvatur
1200 784 1275 848 [et
1315 785 1547 849 populus]
1569 785 1616 832 ²:
1665 794 1836 833 cetera

354 855 520 898 omnia
559 855 612 897 in
651 851 888 898 inferiora
928 852 1231 914 pandantur,
1273 852 1441 913 palma
1482 867 1545 898 ex
1587 857 1836 899 contrario

354 918 650 964 fornicatim.
718 921 863 980 pinus
924 926 977 965 et
1036 935 1296 980 cupressus
1356 918 1591 965 adversus
1650 922 1835 966 cariem

353 988 602 1047 tiniasque
631 985 955 1031 firmissimae.
1024 983 1168 1030 facile
1195 984 1448 1046 pandatur
1474 985 1684 1048 iuglans,
1709 986 1835 1032 fiunt

353 1055 487 1097 enim
512 1059 564 1098 et
591 1069 653 1098 ex
678 1068 740 1097 ea
763 1052 961 1105 trabes3
1004 1050 1167 1114 frangi
1191 1067 1244 1097 se
1270 1054 1597 1112 praenuntiat
1621 1055 1835 1114 crepitu,

353 1119 487 1180 quod
516 1126 569 1164 et
596 1121 648 1163 in
675 1118 975 1164 Antandro3
1003 1119 1202 1172 accidit,
1230 1134 1343 1163 cum
1373 1134 1400 1163 e
1430 1117 1640 1164 balineis
1669 1122 1835 1165 territi

248 1191 329 1230 224
352 1201 472 1230 sono
508 1184 854 1247 profugerunt.
932 1187 1094 1246 pinus,
1129 1187 1321 1246 piceae,
1359 1184 1456 1229 alni
1493 1184 1557 1230 ad
1594 1201 1835 1246 aquarum

353 1251 532 1297 ductus
579 1254 629 1296 in
674 1252 822 1297 tubos
869 1258 1125 1306 cavantur,
1171 1251 1382 1297 obrutae
1429 1258 1565 1296 terra
1610 1251 1834 1313 plurimis

352 1318 622 1364 duraturae
670 1320 839 1372 annis;
905 1317 1118 1363 eaedem
1163 1320 1204 1363 si
1251 1333 1350 1362 non
1394 1319 1689 1380 integantur
1735 1321 1835 1364 cito

353 1392 638 1440 senescunt,
667 1387 848 1430 mirum
875 1386 927 1429 in
955 1384 1160 1430 modum
1190 1382 1420 1429 fortiores
1449 1386 1490 1429 si
1520 1401 1661 1430 umor
1690 1392 1835 1431 extra

354 1468 553 1513 quoque
579 1453 812 1512 supersit.

248 1523 328 1564 225
419 1517 678 1563 LXXXII.
708 1517 1009 1562 Firmissima
1026 1519 1077 1561 in
1097 1523 1291 1562 rectum
1308 1515 1657 1571 abies,eadem
1673 1516 1835 1563 valva-

353 1601 463 1629 rum
487 1587 681 1647 paginis
707 1591 760 1630 et
785 1584 849 1630 ad
874 1599 1220 1645 quaecumque
1246 1583 1401 1628 libeat
1425 1585 1666 1629 intestina
1684 1600 1836 1645 opera

353 1654 626 1712 aptissima,
645 1653 747 1696 sive
768 1649 962 1696 Graeco
986 1653 1088 1695 sive
1110 1650 1365 1710 Campano
1384 1652 1485 1695 sive
1506 1648 1668 1695 Siculo
1688 1649 1835 1696 fabri-

352 1734 440 1762 cae
487 1720 606 1763 artis
650 1733 855 1780 genere,
886 1714 1172 1778 spectabilis
1218 1722 1558 1761 ramentorum
1602 1717 1834 1772 crinibus,

351 1786 643 1845 pampinato
656 1800 854 1844 semper
866 1783 984 1828 orbe
999 1799 1051 1828 se
1065 1782 1265 1828 volvens
1279 1782 1343 1828 ad
1355 1784 1587 1828 incitatos
1600 1786 1834 1829 runcinae

294 1882 297 1885 ·
352 1857 541 1911 raptus,
578 1850 757 1895 eadem
797 1866 823 1895 e
862 1852 1053 1895 cunctis
1091 1851 1309 1894 maxime
1345 1848 1588 1895 sociabilis
1623 1849 1834 1912 glutino,

351 1919 403 1961 in
426 1923 627 1962 tantum
651 1923 708 1961 ut
733 1916 951 1962 findatur
975 1922 1094 1961 ante
1119 1931 1219 1977 qua
1242 1914 1400 1961 solida
1424 1921 1516 1961 est.

719 2026 732 2049 ¹
764 2039 817 2064 ne
839 2025 1043 2076 Alaykoff.

714 2080 728 2102 ²
759 2079 932 2117 Brotier.

712 2132 729 2156 ³
758 2132 919 2171 Brotier
937 2132 1027 2170 coll.
1050 2131 1254 2182 Theophr.
1276 2146 1285 2171 ε
1316 2131 1477 2171 Andro.

403 2311 421 2328 ⁰
449 2304 636 2355 Perhaps
656 2303 732 2342 the
757 2302 957 2352 meaning
976 2302 1011 2340 is
1029 2302 1128 2341 that
1148 2302 1265 2353 palm
1286 2301 1492 2341 branchos
1511 2301 1638 2341 shoot
1658 2303 1834 2354 upward

350 2358 436 2396 and
456 2358 560 2396 then
590 2370 717 2395 curve
745 2369 847 2395 over
875 2356 1119 2395 downward
1148 2356 1191 2394 in
1219 2367 1275 2394 an
1303 2356 1418 2394 arch.
1475 2355 1519 2393 It
1546 2356 1582 2394 is
1610 2359 1706 2394 true
1733 2356 1833 2395 that

349 2411 425 2450 the
463 2410 669 2449 branches
707 2409 757 2448 of
797 2409 923 2448 other
958 2412 1069 2448 trees
1108 2409 1163 2448 do
1200 2412 1278 2448 not
1325 2421 1452 2448 curve
1490 2420 1537 2447 so
1573 2409 1831 2460 noticeably‚

349 2464 560 2513 although
588 2464 623 2502 it
650 2464 685 2501 is
715 2465 792 2502 not
819 2463 894 2502 the
923 2476 1018 2501 case
1044 2463 1143 2501 that
1171 2475 1281 2501 none
1300 2462 1349 2501 of
1371 2462 1492 2501 them
1512 2461 1638 2501 shoot
1656 2463 1832 2514 upward

350 2517 458 2556 from
479 2517 553 2556 the
572 2516 717 2556 brunk.

352 2606 437 2653 532
