1909 2998
561 181 803 226 PLINY:
868 177 1196 225 NATURAL
1241 176 1535 224 HISTORY

306 310 544 363 lentisco;
586 307 822 370 aquifolio
848 309 981 352 enim
1006 321 1062 350 ac
1086 307 1258 367 spinae
1283 306 1387 350 sine
1413 317 1556 358 suco;
1597 302 1784 350 medio-

308 413 405 459 que
433 399 710 442 etiamnum
735 409 922 456 genere
949 395 1082 438 inter
1107 392 1256 437 bacas
1284 393 1550 452 acinosque
1577 392 1786 436 cerasis:

306 499 511 546 pomum
544 481 618 526 his
650 483 810 543 primo
843 478 1111 525 candidum
1146 484 1198 523 et
1231 476 1336 523 fere
1371 476 1599 522 omnibus
1633 476 1783 522 bacis.

307 586 424 616 mox
454 568 559 614 aliis
588 570 803 622 virescit,
834 573 890 612 ut
919 565 1095 620 olivae,
1124 564 1266 619 lauri,
1296 564 1444 609 rubet
1474 579 1590 609 vero
1619 565 1786 618 moris,

307 659 504 711 cerasis,
528 657 704 709 cornis,
729 653 847 700 dein
871 654 1108 715 nigrescit
1132 653 1298 706 moris,
1322 652 1520 705 cerasis,
1545 649 1698 695 olivis.

209 749 287 789 102
373 742 533 788 XXX.
570 739 804 787 Cerasia1
841 746 958 785 ante
996 740 1253 784 victoriam
1293 735 1690 782 Mithridaticam
1729 736 1784 782 L.

311 828 499 875 Luculli
532 845 632 874 non
661 827 801 873 fuere
832 829 882 871 in
915 825 1078 881 Italia,
1110 824 1173 870 ad
1204 824 1337 870 urbis
1369 840 1555 869 annum
1585 838 1784 869 Dchxx.

308 919 347 962 is
383 918 600 979 primum
647 913 875 960 invexit2
923 929 950 958 e
1000 910 1178 966 Ponto,
1224 913 1464 972 annisque
1511 924 1601 955 cxx
1649 916 1786 955 trans

309 1019 552 1048 oceanum
596 1004 646 1046 in
690 1000 999 1045 Britanniam
1045 1014 1201 1060 usque
1244 1010 1548 1060 pervenere;
1610 995 1787 1042 eadem

310 1089 387 1152 [ut
421 1086 697 1152 diximus],3
731 1089 782 1131 in
817 1086 1055 1148 Aegypto
1090 1083 1224 1130 nulla
1258 1100 1375 1129 cura
1396 1090 1608 1146 potuere
1633 1085 1786 1146 gigni.

308 1192 591 1222 cerasorum
646 1175 937 1237 Aproniana
992 1174 1210 1217 maxime
1266 1171 1467 1225 rubent,
1523 1172 1789 1231 nigerrima

211 1269 286 1308 103
311 1270 426 1309 sunt
462 1262 684 1316 Lutatia,
719 1260 1002 1306 Caeciliana
1035 1275 1151 1304 vero
1185 1265 1238 1303 et
1270 1257 1499 1303 rotunda.
1571 1256 1788 1302 Iunianis

308 1357 479 1413 gratus
525 1364 688 1411 sapor,
733 1347 823 1393 sed
866 1363 1031 1409 paene
1078 1351 1279 1390 tantum
1325 1344 1416 1389 sub
1464 1343 1637 1388 arbore
1684 1359 1788 1398 sua,

309 1436 436 1482 adeo
463 1438 651 1482 teneris
681 1441 737 1480 ut
765 1440 1024 1496 gestatum
1053 1449 1152 1477 non
1180 1431 1415 1477 tolerent.
1482 1433 1788 1494 principatus

308 1523 555 1569 duracinis
575 1537 704 1584 quae
725 1519 952 1565 Pliniana
972 1519 1247 1581 Campania
1264 1516 1502 1581 appellat,
1520 1519 1571 1561 in
1588 1516 1790 1578 Belgica

308 1626 424 1655 vero
446 1609 714 1663 Lusitanis,
733 1610 784 1652 in
803 1609 922 1670 ripis
944 1609 1099 1652 etiam
1120 1604 1297 1650 Rheni.
1366 1605 1546 1649 tertius
1565 1602 1639 1648 his
1658 1602 1788 1648 colos

309 1713 336 1742 e
365 1699 505 1758 nigro
533 1712 589 1741 ac
616 1695 817 1740 rubenti
846 1693 1107 1755 viridique,
1135 1691 1304 1737 similis
1333 1689 1788 1736 maturescentibus

211 1790 288 1829 104
311 1799 521 1845 semper.
589 1784 749 1827 minus
798 1782 1192 1842 quinquennium
1241 1785 1318 1823 est
1376 1777 1509 1840 quod
1553 1776 1785 1839 prodiere

310 1886 439 1932 quae
457 1875 636 1914 vocant
654 1868 840 1922 laurea,
859 1883 958 1911 non
976 1869 1205 1928 ingratae
1226 1864 1589 1918 amaritudinis,
1607 1865 1787 1909 insitae

309 1959 359 2001 in
389 1956 544 2001 lauru.
613 1961 730 2000 sunt
761 1961 813 2000 et
848 1952 1195 2007 Macedonica,
1224 1967 1408 2014 parvae
1441 1950 1626 1996 arboris
1657 1966 1789 1995 raro-

310 2059 407 2104 que
454 2044 550 2087 tria
597 2041 766 2087 cubita
814 2039 1123 2093 excedentis,
1172 2045 1225 2083 et
1272 2040 1462 2083 minore
1510 2038 1787 2082 etiamnum

311 2127 489 2174 frutice
543 2126 924 2172 chamaecerasi.
994 2128 1126 2170 inter
1187 2126 1349 2186 prima
1402 2122 1495 2168 hoc
1548 2139 1576 2168 e
1628 2124 1788 2185 pomis

702 2234 716 2257 ¹
746 2233 945 2271 Cerasia?
980 2230 1176 2281 Mayhoff
1190 2246 1198 2269 :
1230 2230 1385 2269 Gerasi.

701 2288 715 2310 ²
747 2285 942 2336 Mayhosf
957 2300 965 2324 ε
1000 2286 1131 2324 vexit.

698 2341 714 2364 ³
744 2340 848 2379 Secl.
867 2339 892 2377 I
895 2353 965 2377 an.

747 2495 766 2514 ‘³
797 2489 1023 2536 Duracina,
1046 2487 1055 2504 ‘
1075 2486 1357 2540 hard-berry?

316 2569 404 2628 358
