1909 2998
228 389 279 427 72

229 1589 279 1628 74

231 2150 281 2187 75

563 176 808 222 PLINY:
871 175 1201 222 NATURAL
1245 174 1542 221 HISTORY

311 302 483 349 trifero
529 310 791 366 proventu.
859 302 1063 348 Tarenti
1111 309 1313 348 tantum
1359 301 1654 365 praedulces
1704 317 1789 346 na-

311 390 515 429 scuntur
533 399 654 445 quas
672 389 852 428 vocant
870 398 1004 428 onas.
1074 381 1200 427 Cato
1217 381 1280 427 de
1300 381 1402 427 ficis
1418 383 1492 427 ita
1516 387 1789 426 memorat:

311 472 322 492 ‘
342 463 481 508 Ficos
515 465 748 508 mariscas
781 465 832 507 in
864 461 973 507 loco
997 468 1193 507 cretoso
1219 467 1306 507 aut
1335 467 1511 524 aperto
1545 463 1716 516 serito,
1739 462 1790 506 in

310 542 416 588 loco
464 550 636 588 autem
683 544 918 588 crassiore
968 548 1055 587 aut
1103 548 1380 587 stercorato
1428 539 1689 586 Africanas
1738 547 1790 586 et

312 623 666 678 Herculaneas,
719 621 1039 685 Saguntinas,
1090 620 1340 676 hibernas,
1393 620 1604 667 Telanas
1658 627 1791 666 atras

309 703 538 766 pediculo
580 701 761 765 long0.'
826 708 1006 764 postea
1036 708 1116 747 tot
1158 701 1356 747 subiere
1399 703 1602 747 nomina
1637 706 1790 762 atque

309 799 497 846 genera
543 789 599 828 ut
646 782 724 828 vel
770 781 863 827 hoc
910 781 1070 827 solum
1117 781 1502 827 aestimantibus
1549 786 1792 844 appareat

310 869 559 908 mutatam
594 879 701 908 esse
736 865 906 908 vitam.
975 868 1091 907 sunt
1126 868 1179 907 et
1212 859 1454 906 hibernae
1490 859 1791 923 quibusdam

308 945 587 1006 provinciis,
629 945 774 988 sicuti
820 941 1065 997 Moesiae,
1107 941 1198 987 sed
1240 943 1378 996 artis,
1421 957 1522 986 non
1564 946 1789 986 naturae.

309 1039 574 1086 parvarum
603 1039 761 1086 genus
793 1022 1025 1067 arborum
1052 1028 1167 1085 post
1198 1027 1497 1067 autumnum
1529 1019 1645 1066 fimo
1675 1036 1790 1066 con-

309 1110 509 1166 tegunt,
535 1101 974 1166 deprehensasque
1013 1104 1064 1146 in
1102 1100 1176 1146 his
1215 1100 1381 1147 hieme
1420 1116 1634 1163 grossos,
1661 1116 1791 1162 quae

310 1186 506 1229 mitiore
544 1183 682 1228 caelo
719 1181 939 1228 refossae
978 1198 1091 1227 cum
1130 1181 1305 1226 arbore
1345 1187 1500 1243 atque
1537 1183 1588 1225 in
1627 1179 1791 1226 lucem

310 1266 544 1309 remissae
585 1279 736 1308 novos
776 1262 904 1308 soles
946 1261 1167 1324 aliosque
1210 1277 1361 1324 quam
1402 1260 1581 1323 quibus
1622 1262 1790 1306 vixere

311 1343 454 1389 avide
489 1350 748 1406 tamquam
781 1345 966 1388 iterum
1001 1348 1152 1387 natae
1188 1343 1443 1404 accipiunt
1477 1347 1530 1386 et
1564 1357 1677 1386 cum
1711 1356 1792 1385 ve-

312 1426 557 1469 nientium
576 1422 696 1469 flore
716 1428 1079 1477 maturescunt,
1101 1421 1264 1467 alieno
1282 1437 1553 1484 praecoces
1575 1436 1722 1475 anno,
1742 1422 1792 1465 in

310 1510 476 1549 tractu
498 1503 575 1548 vel
596 1502 918 1566 gelidissimo.

374 1583 486 1628 XX.
524 1583 622 1629 Sed
648 1600 676 1628 a
699 1582 890 1628 Catone
916 1581 1170 1646 appellata
1193 1584 1293 1627 iam
1315 1588 1425 1627 tum
1448 1579 1686 1626 Africana
1709 1579 1794 1626 ad-

311 1670 483 1709 monet
503 1663 567 1709 ad
583 1663 601 1692 1
619 1666 794 1726 ingens
814 1663 1155 1708 docimentum
1175 1664 1248 1707 usi
1269 1678 1329 1707 eo
1346 1677 1511 1724 pomo.
1577 1676 1793 1722 namque

309 1743 560 1806 pernitiali
620 1743 734 1789 odio
795 1741 1109 1805 Carthaginis
1170 1741 1385 1804 flagrans
1447 1747 1792 1804 nepotumque

311 1826 590 1869 securitatis
655 1826 846 1878 anxius,
910 1839 1024 1868 curn
1087 1821 1328 1868 clamaret
1392 1823 1526 1866 omni
1611 1826 1793 1866 senatu

312 1903 667 1966 Carthaginem
686 1902 971 1957 delendam,
991 1901 1174 1948 adtulit
1194 1901 1412 1964 quodam
1431 1900 1514 1946 die
1534 1903 1584 1945 in
1604 1902 1792 1946 curiam

310 2000 604 2046 praecocem
659 1999 721 2029 ex
777 1999 837 2029 ea
889 1984 1142 2045 provincia
1198 1981 1362 2035 ficum,
1418 1979 1793 2042 ostendensque

310 2063 563 2125 patribus:
630 2061 928 2125 ‘Interrogo
977 2060 1096 2117 vos,'
1147 2063 1326 2123 inquit,
1377 2059 1387 2075 ⁴
1413 2059 1614 2122 quando
1664 2058 1794 2104 hanc

309 2159 513 2206 pomum
549 2143 808 2206 demptam
850 2144 1042 2205 putetis
1080 2158 1142 2187 ex
1180 2140 1388 2186 arbore?
1414 2138 1423 2154 ’
1504 2155 1619 2185 cum
1655 2141 1791 2186 inter

652 2259 667 2283 1
696 2259 903 2310 Detlessen
922 2273 931 2296 ε
963 2257 1169 2296 admonet
1191 2256 1358 2295 Africae
1378 2255 1448 2295 ad.

361 2441 379 2459 ⁰
410 2436 431 2473 I
437 2450 483 2476 .e.
500 2436 575 2475 the
593 2448 673 2474 sun
690 2436 726 2474 is
743 2448 838 2474 now
856 2435 931 2473 the
949 2447 1028 2473 sun
1047 2433 1095 2473 of
1107 2434 1266 2484 spring,
1285 2437 1362 2472 not
1380 2432 1429 2471 of
1441 2436 1637 2471 autumn.

364 2489 378 2512 ὓ
410 2490 567 2528 Moesia
588 2489 622 2528 is
643 2489 718 2527 the
740 2489 917 2528 modern
939 2487 1140 2538 Bulgaria
1161 2488 1245 2525 and
1269 2487 1364 2527 SE.
1387 2485 1681 2538 Jugo-Slavia.

319 2567 407 2625 338
