1909 2998
203 465 255 504 47

201 1185 254 1223 48

201 1665 253 1703 49

542 172 787 217 PLINY:
851 172 1183 218 NATURAL
1227 172 1524 219 HISTORY

287 298 569 362 gracilitate
614 302 830 345 curvatis
874 301 1092 345 interim.
1163 316 1284 361 quos
1309 299 1328 328 1
1373 315 1436 345 ex
1480 298 1556 346 his
1600 299 1772 347 honori

287 379 496 426 deorum
541 379 718 425 damus
765 378 1017 442 chydaeos
1064 378 1335 442 appellavit
1395 379 1601 435 Iudaea,
1647 397 1772 443 gens

290 458 595 505 contumelia
647 461 909 505 numinum
961 461 1182 521 insignis.
1251 461 1302 504 in
1354 466 1520 505 totum
1573 467 1772 506 arentes

286 538 531 585 Thebaidi
574 546 729 601 atque
774 539 994 584 Arabiae
1037 555 1306 601 macroque
1350 555 1555 602 corpore
1601 539 1773 596 exiles,

288 626 341 665 et
387 619 595 665 adsiduo
642 635 825 682 vapore
872 625 1100 665 torrente
1148 626 1367 665 crustam
1413 622 1575 665 verius
1622 636 1772 682 quam

285 705 456 744 cutem
487 698 760 745 obducunt.
830 701 881 744 in
912 701 1022 762 ipsa
1055 698 1261 761 quidem
1292 698 1565 762 Aethiopia
1596 698 1773 746 friatur

285 777 621 825 haec—tanta
658 786 735 825 est
771 781 1088 825 siccitas—et
1123 778 1314 825 farinae
1350 779 1499 824 modo
1534 782 1774 842 spissatur

286 861 336 903 in
361 875 561 922 panem.
630 862 855 922 gignitur
882 866 1056 905 autem
1084 861 1135 903 in
1163 858 1343 905 frutice
1371 861 1520 905 ramis
1547 860 1774 906 cubitali-

288 939 377 984 bus
419 937 536 984 folio
577 938 773 994 latiore,
813 956 964 1002 pomo
1006 938 1222 984 rotundo
1263 938 1353 985 sed
1393 941 1580 986 maiore
1622 956 1773 1003 quam

286 1018 403 1064 mali
451 1019 801 1083 amplitudine,
849 1035 1024 1065 coecas
1073 1025 1281 1073 vocant3
1346 1022 1564 1065 triennio
1609 1027 1773 1068 matu-

285 1106 504 1154 rescunt,
541 1115 839 1162 semperque
877 1098 1046 1144 frutici
1081 1116 1286 1162 pomum
1324 1106 1402 1145 est
1438 1100 1772 1147 subnascente

289 1178 400 1224 alio.
468 1178 738 1225 Thebaidis
770 1178 960 1225 fructus
994 1179 1250 1242 extemplo
1281 1182 1332 1224 in
1363 1179 1512 1225 cados
1542 1180 1773 1227 conditur

284 1275 398 1304 cum
427 1262 503 1305 sui
533 1259 720 1305 ardoris
751 1262 944 1313 anima3
993 1262 1042 1304 ni
1073 1262 1146 1305 ita
1177 1259 1282 1315 fiat,
1312 1258 1545 1306 celeriter
1575 1264 1771 1324 expirat

285 1342 648 1401 marcescitque
672 1356 772 1385 non
794 1346 1014 1385 retostus
1039 1338 1210 1385 furnis.

349 1419 391 1464 E
423 1419 615 1481 reliquo
647 1436 836 1482 genere
867 1419 1100 1482 plebeiae
1134 1419 1369 1465 videntur
1402 1418 1575 1483 Syriae
1596 1422 1615 1450 2
1649 1438 1771 1483 quas

283 1504 571 1562 tragemata
606 1499 891 1563 appellant3
944 1516 1062 1544 nam
1096 1502 1147 1544 in
1183 1499 1279 1544 alia
1311 1507 1458 1563 parte
1495 1498 1771 1548 Phoenices

286 1578 589 1642 Ciliciaeque
605 1579 835 1643 populari
854 1582 1010 1625 etiam
1027 1582 1229 1625 nomine
1249 1597 1277 1625 a
1294 1580 1436 1626 nobis
1455 1581 1772 1644 appellantur

289 1658 470 1705 balani.
539 1676 711 1706 eorum
774 1676 973 1722 quoque
1035 1659 1179 1723 plura
1239 1675 1455 1722 genera3
1535 1659 1771 1708 differunt

285 1738 444 1801 figura
500 1740 826 1786 rotunditatis
886 1747 973 1785 aut
1030 1742 1366 1803 proceritatis,
1423 1739 1660 1787 differunt
1718 1749 1770 1788 et

283 1818 465 1874 colore,
511 1823 751 1883 nigriores
798 1836 856 1865 ac
901 1820 1170 1866 rubentes:
1235 1836 1328 1865 nec
1372 1824 1632 1883 pauciores
1679 1822 1770 1868 fico

284 1898 553 1945 traduntur
587 1899 792 1955 colores,
834 1903 1054 1946 maxime
1095 1906 1270 1945 tamen
1308 1900 1513 1963 placent
1553 1901 1768 1948 candidi.

284 1978 475 2025 distant
497 1987 549 2025 et
570 1979 937 2042 magnitudine,
957 1987 1107 2043 prout
1128 1979 1274 2026 multi
1294 1981 1519 2026 cubitum
1542 1980 1770 2037 effecere,

285 2058 489 2120 quidam
546 2067 663 2106 sunt
720 2076 819 2105 non
878 2059 1142 2122 ampliores
1201 2058 1332 2105 faba.
1402 2068 1663 2107 servantur
1717 2061 1768 2107 hi

283 2137 487 2184 demum
515 2143 598 2202 qui
625 2147 898 2185 nascuntur
925 2143 976 2184 in
1001 2139 1141 2185 salsis
1169 2147 1322 2202 atque
1350 2140 1608 2197 sabulosis,
1635 2149 1691 2188 ut
1717 2145 1767 2187 in

457 2261 469 2283 ¹
499 2258 713 2309 Detlefsen
733 2275 740 2298 :
772 2273 872 2298 nam
896 2273 1001 2310 quas
1022 2262 1227 2311 (namque
1247 2274 1354 2299 uvas
1376 2261 1585 2311 Mueller).

454 2314 468 2337 ²
498 2314 737 2352 Rackham:
776 2313 923 2365 Syriae
943 2318 999 2352 et.

666 2447 684 2464 ⁰
712 2441 888 2491 χυδαῖος,
913 2453 1125 2487 common,
1149 2441 1316 2492 vulgar,

664 2493 679 2518 ⁶
707 2494 784 2534 See
805 2508 845 2545 p.
872 2496 960 2540 134,
983 2499 1088 2534 note
1107 2495 1142 2534 b.

287 2569 372 2614 126
