1909 2998
223 485 276 522 50

221 1045 268 1083 51

218 1606 270 1644 52

217 2007 269 2045 53

562 190 807 237 PLINY:
872 190 1203 238 NATURAL
1248 191 1545 240 HISTORY

310 317 498 363 Iudaea
518 324 672 380 atque
695 317 973 380 Cyrenaica
993 317 1183 374 Africa,
1203 334 1303 365 non
1322 322 1448 365 item
1467 322 1518 365 in
1538 319 1794 385 Aegypto,

308 397 490 460 Cypro,
517 396 677 460 Syria,
705 395 934 443 Seleucia
961 398 1217 461 Assyriae,
1245 399 1573 461 quamobrem
1601 416 1713 447 sues
1740 408 1794 448 et

310 476 501 539 reliqua
530 476 763 523 animalia
791 480 849 523 iis
870 477 888 506 1
918 480 1226 540 saginantur.
1295 481 1459 525 vitiati
1489 486 1577 525 aut
1605 483 1790 528 vetusti

307 560 412 603 eius
443 560 579 620 pomi
612 559 810 620 signum
845 564 922 604 est
955 557 1202 604 decidisse
1235 558 1503 604 candidam
1536 575 1793 607 verrucam

307 654 406 699 qua
441 654 639 684 racemo
676 636 1014 684 adhaeserint.
1083 637 1361 684 Alexandri
1395 638 1580 685 milites
1615 640 1792 703 palmis

306 717 542 764 viridibus
567 717 870 781 strangulati
895 725 1040 772 sunt3
1083 720 1134 763 in
1161 718 1398 764 Gedrosis
1423 718 1474 764 id
1498 717 1690 766 factum
1715 728 1793 768 est

304 800 439 861 pomi
487 814 694 861 genere,
743 797 860 843 alibi
909 800 1054 862 copia
1102 801 1289 853 evenit,
1338 805 1417 844 est
1466 801 1599 845 enim
1646 806 1793 851 tanta

305 881 524 924 suavitas
553 880 763 924 musteis
792 884 850 924 ut
881 877 989 924 finis
1018 877 1293 924 mandendi
1322 895 1420 925 non
1451 881 1544 925 nisi
1571 880 1792 943 periculo

305 957 408 1004 fiat.
1786 957 1807 972 ⁴

372 1038 433 1083 X.
470 1037 613 1101 Syria
649 1045 853 1102 praeter
889 1036 1017 1084 hanc
1055 1037 1332 1102 peculiares
1370 1037 1527 1086 habet
1563 1040 1790 1087 arbores:

305 1121 353 1163 in
391 1135 572 1164 nucum
607 1135 795 1182 genere
835 1121 1047 1183 pistacia
1088 1119 1512 1183 nota—prodesse
1554 1119 1790 1167 adversus

303 1202 613 1262 serpentium
660 1215 851 1245 morsus
897 1199 1167 1245 traduntur
1208 1206 1261 1245 et
1300 1207 1426 1262 potu
1468 1206 1522 1246 et
1562 1200 1789 1246 cibo—in

304 1279 507 1325 ficorum
544 1286 717 1326 autem
752 1279 951 1325 Caricas
989 1286 1041 1325 et
1077 1281 1293 1325 minores
1329 1278 1556 1325 eiusdem
1590 1283 1790 1343 generis

304 1376 426 1421 quas
454 1366 661 1405 cottana
688 1367 887 1415 vocant,
914 1362 1040 1406 item
1066 1375 1228 1423 pruna
1256 1361 1306 1404 in
1336 1359 1587 1405 Damasco
1614 1367 1788 1408 monte

304 1446 425 1485 nata
450 1446 504 1485 et
528 1456 723 1502 myxas,
752 1447 1016 1502 utramque
1042 1442 1143 1485 iam
1169 1438 1468 1486 familiarem
1495 1438 1691 1486 Italiae.
1760 1457 1787 1487 e

303 1523 465 1582 myxis
489 1522 539 1565 in
563 1520 803 1583 Aegypto
828 1527 881 1566 et
905 1522 1019 1565 vina
1044 1519 1185 1565 fiunt.

371 1599 460 1645 XI.
491 1599 697 1663 Iunipiri
717 1599 929 1646 similem
949 1599 1105 1646 habet
1125 1597 1375 1646 Phoenice
1400 1599 1605 1645 cedrum
1631 1602 1788 1646 mino-

302 1696 423 1726 rem.
496 1679 595 1726 duo
623 1683 728 1726 eius
756 1697 961 1743 genera,
992 1680 1146 1743 Lycia
1167 1687 1220 1727 et
1246 1678 1534 1735 Phoenicia,
1551 1679 1788 1727 differunt

303 1759 419 1805 folio
437 1775 447 1814 3
477 1777 591 1805 nam
612 1777 740 1823 quae
763 1760 960 1815 durum,
977 1763 1248 1824 spinosum,
1265 1766 1470 1806 acutum
1490 1758 1645 1805 habet
1667 1778 1788 1823 oxy—

301 1840 475 1886 cedros
503 1847 726 1896 vocatur,
750 1857 947 1886 ramosa
978 1847 1031 1887 et
1057 1840 1199 1886 nodis
1224 1839 1410 1886 infesta
1434 1838 1610 1896 altera,
1635 1839 1786 1887 odore

300 1927 578 1983 praestans.
651 1920 869 1966 fructum
900 1919 1070 1966 ferunt
1099 1923 1251 1983 myrti
1285 1919 1652 1982 magnitudine,
1680 1919 1787 1966 dul-

301 2017 411 2046 cem
449 2017 642 2063 sapore.
726 2007 779 2047 et
823 2003 1023 2046 maioris
1060 2000 1198 2047 cedri
1248 1999 1348 2046 duo
1384 2015 1601 2062 genera3
1656 2016 1785 2063 quae

302 2078 447 2126 floret
471 2079 689 2126 fructum
715 2097 813 2126 non
839 2079 956 2136 fert,
982 2079 1240 2126 fructifera
1264 2096 1363 2125 non
1387 2078 1550 2135 floret,
1574 2086 1628 2126 et
1651 2082 1702 2126 in
1725 2096 1786 2127 ea

301 2160 692 2206 antecedentem
729 2160 947 2206 fructum
984 2167 1198 2223 occupat
1232 2176 1402 2205 novus.
1471 2175 1645 2206 semen
1679 2162 1785 2207 eius

301 2256 535 2303 cupresso
558 2240 733 2286 simile.
804 2240 1007 2302 quidam
1031 2239 1322 2285 cedrelaten
1343 2245 1540 2284 vocant.
1608 2255 1672 2285 ex
1691 2238 1784 2286 hac

759 2344 775 2368 ¹
805 2344 878 2383 iis?
938 2343 1148 2394 Mayhoff:
1186 2357 1238 2383 ex
1261 2345 1321 2383 iis.

351 2443 369 2460 ‘¹
400 2438 590 2477 Damson
614 2438 927 2487 (Damascene).

357 2490 372 2513 ¹³
402 2490 556 2530 Cedrus
574 2491 741 2543 usually
764 2508 805 2521 =
828 2491 992 2542 prickly
1012 2491 1195 2542 junipen
1215 2491 1294 2530 but
1314 2492 1412 2531 here
1429 2492 1502 2531 the
1523 2492 1781 2533 Phoenicia-n

299 2543 425 2582 cedar
446 2545 479 2583 is
500 2544 588 2585 also
608 2544 828 2584 described
849 2544 934 2583 and
956 2546 990 2583 is
1010 2545 1232 2584 elsewhere
1253 2543 1497 2585 sometimes
1517 2546 1699 2586 referred
1720 2550 1780 2586 to.

303 2621 387 2666 128
