1909 2998
230 318 282 358 23

232 1312 284 1350 25

579 186 823 233 PLINY:
886 185 1214 232 NATURAL
1257 185 1552 234 HISTORY

316 312 520 368 bonum,
537 320 589 358 et
607 320 785 376 postea
802 312 1054 375 quendam
1071 329 1097 358 e
1114 315 1266 359 servis
1287 312 1512 359 Neronis.
1579 318 1797 362 maxime

313 395 486 435 tamen
531 392 711 435 mirum
757 397 834 436 est
879 389 1007 435 hanc
1052 392 1268 452 gratiam
1311 397 1605 452 penetrasse
1650 399 1704 438 et
1747 395 1797 438 in

314 473 504 511 castra:
558 466 754 528 aquilae
789 474 928 512 certe
963 482 1020 512 ac
1054 469 1213 528 signa,
1246 466 1596 529 pulverulenta
1629 467 1712 514 illa
1745 476 1799 515 et

313 541 599 605 cuspidibus
651 541 869 598 horrida,
921 549 1213 605 unguuntur
1263 541 1405 588 festis
1457 542 1651 599 diebus,
1703 547 1798 591 uti-

313 634 529 680 namque
573 618 741 664 dicere
784 635 1043 682 possemus
1088 621 1197 680 qujs
1239 621 1427 681 primus
1470 621 1796 667 instituisset!

313 697 385 740 ita
438 702 516 740 est
569 697 820 750 nimirum,
873 694 967 740 hac
1020 694 1255 740 mercede
1308 702 1573 758 corruptae
1626 697 1797 743 orbem

314 778 560 816 terrarum
580 771 812 818 devicere
834 771 1032 834 aquilae
1050 772 1059 817 l
1099 774 1196 817 ista
1215 774 1494 834 patrocinia
1514 776 1798 834 quaerimus

317 850 463 902 vitiis,
489 855 545 893 ut
568 864 659 911 per
682 847 775 894 hoc
800 851 874 894 ius
901 848 992 893 sub
1016 847 1209 893 casside
1235 855 1496 910 unguenta
1520 856 1795 896 sumantur.

382 923 440 969 V.
476 923 690 981 Quando
722 924 773 970 id
809 927 1026 988 primum
1066 924 1130 970 ad
1169 924 1416 970 Romanos
1453 929 1797 988 penetraverit

316 1016 413 1045 non
438 999 583 1046 facile
609 1001 837 1046 dixerim.
906 1008 1101 1046 certum
1135 1008 1212 1046 est
1238 999 1486 1046 Antiocho
1512 1017 1631 1064 rege
1656 1003 1799 1048 Asia-

316 1093 412 1138 que
449 1076 658 1123 devietis
695 1077 829 1122 urbis
867 1094 996 1122 anno
1032 1091 1156 1122 Dva
1194 1074 1247 1122 P.
1284 1076 1529 1122 Licinium
1566 1077 1797 1124 Crassum

317 1152 372 1198 L.
402 1152 583 1198 Iulium
619 1153 888 1199 Caesarem
923 1170 1154 1199 censores
1191 1153 1406 1199 edixisse
1443 1170 1506 1199 ne
1544 1157 1652 1216 quis
1681 1171 1797 1201 ven-

315 1229 460 1275 deret
485 1237 746 1292 unguenta
762 1229 781 1258 1
808 1233 1033 1276 exotica:
1072 1233 1141 1276 sic
1167 1232 1300 1275 enim
1325 1229 1658 1293 appellavere.
1727 1239 1797 1287 at,

321 1305 579 1361 Hercules,
595 1309 695 1351 iam
713 1306 917 1369 quidam
935 1309 1090 1352 etiam
1106 1309 1156 1351 in
1171 1313 1320 1370 potus
1338 1306 1548 1362 addunt,
1565 1310 1796 1370 tantique

317 1390 395 1428 est
424 1382 706 1428 amaritudo
743 1390 800 1429 ut
837 1382 988 1429 odore
1026 1383 1237 1446 prodigo
1267 1382 1462 1428 fruatur
1491 1400 1553 1430 ex
1584 1392 1796 1447 utraque

314 1465 460 1522 parte
499 1460 715 1522 corpus.2
784 1459 840 1504 L.
885 1457 1119 1515 Plotium,
1162 1459 1217 1505 L.
1262 1457 1431 1505 Planci
1470 1460 1545 1506 bis
1585 1461 1797 1507 consulis

313 1538 631 1598 censorisque
684 1535 909 1589 fratrem,
962 1539 1295 1599 proscriptum
1347 1552 1377 1582 a
1427 1539 1696 1583 triumviris
1747 1540 1795 1583 in

316 1610 629 1658 Salernitana
648 1612 842 1658 latebra
869 1616 1113 1675 unguenti
1139 1612 1289 1659 odore
1309 1612 1564 1676 proditum
1583 1621 1798 1670 constat,

316 1705 414 1750 quo
459 1688 707 1735 dedecore
751 1696 863 1735 tota
908 1689 1137 1735 absoluta
1180 1692 1475 1753 proscriptio
1520 1697 1626 1744 est3
1689 1694 1797 1753 quis

317 1768 450 1810 enim
475 1782 573 1810 non
597 1769 777 1811 merito
802 1765 990 1812 iudicet
1013 1769 1201 1829 perisse
1226 1765 1388 1812 tales?

384 1841 469 1887 VI.
508 1841 691 1888 Cetero
715 1850 963 1888 terrarum
988 1845 1210 1887 omnium
1230 1843 1496 1905 Aegyptus
1522 1859 1798 1890 accommo-

316 1917 573 1963 datissima
599 1922 886 1981 unguentis,
903 1920 966 1964 ab
987 1935 1045 1964 ea
1072 1918 1346 1981 Campania
1371 1925 1447 1964 est
1472 1922 1615 1981 copia
1638 1936 1795 1966 rosae.

320 1993 507 2040 Iudaea
542 2011 658 2040 vero
699 1995 887 2040 incluta
931 2002 1008 2041 est
1041 1994 1119 2040 vel
1155 1997 1314 2057 magis
1355 1994 1550 2058 palmis,
1587 2012 1797 2057 quarum

317 2077 496 2116 natura
540 2087 670 2116 nunc
714 2071 925 2117 dicetur.
995 2078 1112 2116 sunt
1157 2071 1360 2133 quidem
1406 2078 1459 2117 et
1503 2074 1553 2116 in
1598 2071 1798 2136 Europa

318 2146 561 2209 volgoque
608 2146 772 2202 Italia,
816 2147 905 2193 sed
949 2147 1158 2193 steriles.
1228 2146 1398 2193 ferunt
1441 2150 1492 2192 in
1537 2151 1797 2195 maritimis

381 2257 714 2307 1[unguenta]?
773 2258 842 2308 (cf.
881 2262 1020 2295 autem
1068 2257 1208 2296 Plaut.
1251 2257 1375 2296 Most.
1425 2258 1478 2295 42
1526 2270 1611 2296 non
1650 2269 1796 2297 omnes

323 2315 502 2361 possunt
527 2311 637 2348 olere
664 2315 882 2361 unguenta
907 2311 1094 2359 exotica)
1121 2310 1344 2349 Rackham.

379 2363 395 2387 ²
432 2363 509 2403 VJ.
532 2363 731 2402 fruantur
761 2393 771 2403 .
804 2394 813 2403 .
847 2394 856 2403 .
888 2365 1088 2414 corporis.

565 2499 584 2519 ⁰
613 2496 837 2542 Octavian,
863 2494 1038 2547 Antony
1062 2496 1147 2534 and
1172 2496 1370 2546 Lepidus,
1395 2498 1447 2535 43
1473 2508 1555 2536 Β.ο.

323 2589 337 2617 1
354 2588 369 2616 1
382 2587 403 2616 2
