1909 2998
618 211 862 258 PLINY:
927 211 1257 258 NATURAL
1301 211 1598 260 HISTORY

362 338 610 385 tremulae
654 355 831 384 manus
878 338 1192 385 effundentes
1236 339 1387 400 plena
1429 356 1564 395 vasa,
1608 356 1738 403 quae
1779 345 1844 388 sit

363 432 525 477 poena
560 431 796 477 praesens
833 415 1034 462 furiales
1070 418 1231 461 somni
1267 423 1319 462 et
1355 419 1548 478 inquies
1584 425 1844 474 nocturna,

362 495 742 555 praemiumque
778 508 1029 538 summum
1067 492 1328 538 ebrietatis
1365 492 1517 538 libido
1552 500 1843 555 portentosa

363 585 419 614 ac
449 568 718 614 iucundum
748 567 905 614 nefas.
973 575 1176 630 postero
1205 568 1287 614 die
1317 585 1379 614 ex
1409 585 1493 615 ore
1521 567 1705 616 halitus
1733 571 1842 617 cadi

363 662 419 691 ac
438 661 602 691 rerum
621 648 842 690 omnium
861 644 1040 690 oblivio
1058 661 1291 707 morsque
1310 649 1600 692 memoriae.
1667 663 1842 708 rapere

362 738 415 768 se
449 725 523 767 ita
557 725 712 767 vitam
747 721 1059 783 praedicant,
1093 738 1207 767 cum
1242 725 1456 783 priorem
1492 722 1626 769 diem
1659 723 1842 770 cotidie

262 804 337 842 143
362 799 577 860 perdant
603 797 812 853 alii‚1illi
836 815 952 844 vero
978 806 1030 844 et
1056 802 1359 845 venientem.
1417 798 1615 845 Tiberio
1632 798 1839 846 Claudio

361 879 583 937 principe
617 882 737 921 ante
770 874 858 921 hos
901 891 1055 920 annos
1085 889 1145 920 XL
1176 878 1464 921 institutum
1495 883 1552 922 ut
1581 879 1734 922 ieiuni
1769 878 1841 923 bi-

360 951 540 998 berent
572 958 823 1014 potusque
856 954 956 997 vini
989 951 1316 997 antecederet
1347 951 1500 1007 cibos,
1534 956 1754 998 externis
1789 960 1841 1000 et

359 1026 451 1074 hoc
488 1027 677 1074 artibus
715 1044 771 1074 ac
807 1026 1114 1074 medicorum
1149 1027 1345 1090 placitis
1382 1031 1607 1074 novitate
1643 1045 1841 1090 semper

260 1111 338 1150 144
361 1104 526 1167 aliqua
573 1120 682 1151 sese
729 1104 1206 1150 commendantium.
1273 1104 1484 1167 gloriam
1518 1103 1611 1151 hac
1655 1108 1840 1153 virtute

358 1180 530 1227 Parthi
574 1188 841 1244 quaerunt,
883 1180 1073 1226 famam
1116 1181 1249 1243 apud
1294 1180 1511 1228 Graecos
1555 1181 1839 1229 Alcibiades

357 1261 558 1314 meruit,
573 1257 707 1319 apud
724 1273 812 1303 nos
825 1273 1103 1320 cognomen
1123 1260 1278 1303 etiam
1293 1256 1545 1303 Novellius
1558 1257 1838 1320 Torquatus

362 1334 772 1389 Mediolanensis‚
799 1334 863 1380 ad
889 1334 1295 1396 proconsulatum
1324 1350 1482 1396 usque
1511 1350 1537 1380 e
1564 1342 1802 1396 praetura
1821 1335 1839 1364 2

358 1410 624 1456 honoribus
659 1414 832 1473 gestis,
866 1411 1025 1456 tribus
1060 1413 1248 1473 congiis
1284 1410 1438 1471 (unde
1474 1418 1526 1456 et
1560 1427 1838 1473 cognomen

356 1487 424 1533 illi
473 1487 630 1549 fuit),3
678 1490 838 1549 epotis
888 1503 988 1533 uno
1037 1490 1249 1549 impetu,
1300 1494 1564 1548 spectante
1614 1487 1837 1533 miraculi

355 1568 520 1627 gratia
549 1564 748 1610 Tiberio
778 1567 1001 1626 principe
1033 1567 1083 1609 in
1114 1570 1319 1610 senecta
1347 1567 1449 1609 iam
1480 1579 1652 1610 severo
1683 1571 1837 1626 atque

356 1645 511 1687 etiam
536 1657 713 1687 saevo:
757 1641 878 1687 alias
906 1648 958 1687 et
984 1644 1076 1702 ipsi
1102 1644 1307 1686 iuventa
1332 1640 1397 1686 ad
1421 1656 1615 1686 merum
1640 1645 1838 1702 pronior

257 1725 332 1762 145
357 1717 539 1773 fuerat,
570 1734 730 1780 eaque
760 1717 1199 1764 commendatione
1228 1716 1485 1763 credidere
1517 1715 1574 1763 L.
1605 1715 1835 1763 Pisonem

353 1795 486 1841 urbis
520 1811 669 1840 curae
703 1794 767 1840 ab
802 1810 861 1840 eo
895 1794 1150 1840 delectum
1185 1793 1319 1856 quod
1352 1793 1504 1839 biduo
1539 1793 1834 1856 duabusque

354 1871 582 1917 noctibus
634 1874 1042 1933 perpotationem
1094 1874 1436 1916 continuasset
1488 1870 1622 1932 apud
1674 1874 1834 1931 ipsum

349 1951 451 1994 iam
487 1951 779 2010 principem.
847 1963 939 1994 nec
977 1947 1074 1993 alio
1111 1950 1270 2010 magis
1310 1947 1502 1992 Drusus
1540 1946 1725 1992 Caesar
1759 1963 1834 1993 re-

255 2032 330 2070 146
353 2040 620 2088 generasse
675 2032 874 2087 patrem
930 2024 1185 2070 Tiberium
1241 2023 1512 2069 ferebatur.
1580 2022 1832 2086 Torquato

733 2125 747 2148 ¹
778 2123 849 2162 alii
870 2123 964 2162 add.
986 2123 1212 2163 Rackham.

730 2178 744 2200 ²
782 2177 858 2216 V.l.
882 2182 1124 2227 praeturae.

728 2231 743 2253 ³
774 2230 906 2280 [unde
938 2260 948 2270 .
983 2260 992 2270 .
1026 2260 1035 2270 .
1069 2230 1205 2279 fuit]?
1237 2229 1461 2269 Rackham.

406 2368 424 2387 ⁰
451 2361 713 2412 Tricongius.

408 2415 423 2440 ὁ
450 2415 553 2454 This
571 2415 801 2466 repetition
822 2414 871 2453 of
884 2414 960 2453 the
981 2414 1260 2464 explanation
1283 2412 1332 2452 of
1346 2413 1422 2452 the
1450 2426 1579 2452 name
1603 2411 1725 2452 looks
1746 2412 1828 2452 like

352 2482 405 2507 an
428 2468 742 2518 interpolation.

407 2530 419 2546 ⁶
447 2521 681 2574 Praefectus
700 2520 827 2560 urbis.

352 2600 439 2644 280
