1909 2998
209 389 260 427 53

546 175 789 221 PLINY:
854 175 1182 221 NATURAL
1227 174 1523 222 HISTORY

292 320 497 365 corpora
522 302 778 348 hominum
803 302 1158 349 defunctorum
1180 302 1385 366 perfusa
1410 319 1470 349 eo
1494 311 1770 350 serventur.

292 382 459 428 XXII.
500 399 714 445 sequens
731 382 890 445 liquor
905 385 1224 428 crassioriam
1237 386 1404 446 picem
1420 382 1614 438 fundit3
1647 383 1772 430 haec

292 480 456 509 rursus
486 466 536 508 in
566 466 780 508 cortinas
811 479 984 509 aereas
1013 466 1243 509 coniecta
1273 470 1418 509 aceto
1448 466 1687 526 spissatur
1716 471 1773 510 ut

291 543 499 606 coagulo
515 550 565 589 et
581 543 809 589 Bruttiae
824 560 1104 606 cognomen
1119 546 1334 606 accepit,
1348 543 1491 589 doliis
1507 544 1773 590 dumtaxat

292 627 518 685 vasisque
548 626 729 669 ceteris
759 623 910 679 utilis,
939 623 1133 669 lentore
1164 624 1227 669 ab
1258 623 1353 669 alia
1380 626 1492 686 pice
1523 624 1773 680 differens,

292 707 415 749 item
452 703 614 749 colore
652 704 892 749 rutilante
932 710 984 749 et
1023 703 1157 766 quod
1193 706 1425 767 pinguior
1464 711 1542 750 est
1580 704 1774 767 reliqua

292 787 425 830 omni
450 784 545 829 illa.
616 784 672 830 fit
698 801 725 830 e
749 787 895 847 picea
918 787 1083 829 resina
1111 783 1421 830 ferventibus
1446 791 1590 830 cocta
1609 785 1628 813 1
1651 785 1773 848 lapi-

292 864 435 910 dibus
471 867 520 908 in
556 864 705 910 alveis
740 863 890 910 validi
923 865 1111 909 roboris
1147 871 1252 919 aut,
1287 867 1326 909 si
1362 863 1489 910 alvei
1523 881 1622 910 non
1657 868 1774 924 sint,

293 947 440 990 struis
463 948 714 1007 congerie,
738 943 875 990 velut
898 947 949 989 in
971 944 1196 990 carbonis
1220 961 1326 990 usu.
1381 943 1507 990 haec
1531 947 1582 989 in
1604 948 1773 992 vinum

293 1025 493 1070 additur
532 1023 722 1070 farinae
762 1024 912 1069 modo
952 1031 1082 1079 tusa,
1122 1027 1308 1086 nigrior
1346 1024 1525 1071 colore.
1595 1025 1773 1071 eadem

291 1108 454 1151 resina
489 1108 529 1150 si
565 1121 678 1150 cum
715 1121 845 1166 aqua
880 1104 1077 1150 lenius2
1115 1104 1428 1166 decoquatur
1462 1105 1773 1168 coleturque,

291 1185 400 1231 rufo
447 1185 609 1231 colore
656 1185 891 1230 lentescit
940 1201 996 1230 ac
1044 1184 1297 1230 stillaticia
1344 1192 1564 1231 vocatur.
1633 1202 1774 1249 sepo-

292 1273 478 1311 nuntur
521 1272 692 1311 autem
735 1265 799 1311 ad
840 1265 890 1310 id
932 1263 1037 1310 fere
1081 1267 1202 1310 vitia
1242 1267 1437 1311 resinae
1480 1273 1770 1329 cortexque.

292 1346 387 1391 alia
425 1348 697 1408 temperies
752 1345 815 1390 ad
868 1344 1150 1408 crapulam:
1204 1361 1421 1407 namque
1463 1345 1550 1391 flos
1591 1346 1773 1392 crudus

292 1429 484 1472 resinae
508 1443 621 1472 cum
643 1425 803 1471 multa
825 1424 987 1471 astula
1009 1427 1151 1471 tenui
1173 1425 1414 1487 brevique
1438 1425 1635 1472 avulsus
1658 1443 1773 1472 con-

291 1506 472 1552 ciditur
525 1506 589 1552 ad
642 1507 857 1552 cribrum
910 1508 1132 1560 minuta3
1205 1505 1323 1551 dein
1376 1504 1590 1552 ferventi
1645 1523 1775 1570 aqua

293 1586 452 1633 donec
476 1594 720 1649 coquatur
735 1586 753 1614 3
777 1585 1109 1650 perfunditur.
1179 1584 1323 1631 hujus
1350 1602 1643 1649 expressum
1666 1590 1774 1650 pin—

292 1684 389 1730 gue
413 1670 684 1730 praecipua
710 1670 873 1712 resina
898 1666 954 1712 fit
979 1673 1132 1728 atque
1158 1682 1269 1711 rara
1294 1683 1386 1712 nec
1411 1669 1504 1712 nisi
1527 1670 1698 1730 paucis
1722 1670 1774 1713 in

291 1747 407 1793 locis
433 1748 723 1810 subalpinae
752 1747 948 1802 Italiae,
973 1749 1273 1792 conveniens
1299 1746 1535 1793 medicis:
1578 1751 1772 1794 resinae

294 1828 435 1873 albae
460 1831 693 1890 congium
721 1831 772 1872 in
796 1827 971 1873 duobis
986 1826 1007 1856 4
1030 1843 1191 1889 aquae
1214 1827 1415 1890 pluviae
1439 1834 1648 1882 cocunt3
1691 1828 1772 1874 alii

293 1908 460 1954 utilius
485 1915 670 1971 putant
696 1911 801 1953 sine
830 1924 960 1970 aqua
985 1923 1200 1969 coquere
1228 1906 1367 1953 lento
1393 1910 1509 1970 igne
1535 1914 1646 1954 toto
1672 1908 1773 1964 die,

294 1991 467 2050 utique
486 2004 601 2033 vase
621 1991 747 2033 aeris
766 1987 881 2041 albi,
898 1990 1022 2032 item
1038 1986 1433 2032 terebinthinam
1450 1989 1500 2032 in
1516 1990 1771 2050 sartagine

292 2071 457 2113 cinere
488 2066 720 2123 ferventi,
750 2066 877 2112 hanc
907 2069 1088 2113 ceteris
1117 2065 1479 2129 praeferentes.
1545 2070 1772 2130 proxima

294 2164 356 2193 ex
380 2147 604 2193 lentisco.

672 2305 686 2328 1
717 2307 869 2342 cocta?
903 2303 1099 2354 Mayhszff
1114 2321 1122 2344 :
1155 2309 1317 2344 coacta.

667 2358 682 2380 ²
713 2357 931 2407 Mayhoff:
964 2358 1111 2395 levius.

665 2411 680 2432 ³
711 2415 887 2461 cogatur
906 2411 1029 2459 coll.§
1050 2413 1099 2449 53
1120 2411 1217 2449 Ian.

663 2464 677 2488 4
709 2465 751 2502 in
771 2475 806 2502 11
827 2466 977 2512 (nonne
999 2465 1106 2502 binis
1123 2467 1158 2514 ?)
1180 2463 1383 2514 Maylmff.

294 2575 380 2616 422
