1909 2998
225 354 302 393 149

231 1018 308 1057 150

573 216 818 263 PLINY:
881 214 1210 261 NATURAL
1254 213 1551 260 HISTORY

389 345 579 392 XXIX.
616 344 708 390 Est
744 350 797 389 et
825 342 1097 389 occidentis
1132 341 1326 403 populis
1359 357 1449 387 sua
1485 340 1703 386 ebrietas
1738 340 1797 386 e1

324 413 467 475 fruge
478 411 698 465 madida,
708 410 929 472 pluribus
945 408 1103 454 modis
1115 424 1204 469 per
1215 406 1404 453 Gallias
1416 406 1801 469 Hispaniasque,

325 479 604 525 nominibus
626 477 731 522 aliis
750 476 839 522 sed
857 479 1052 522 ratione
1073 474 1268 520 eadem.
1335 473 1610 535 Hispaniae
1627 476 1728 518 iam
1748 480 1802 520 et

326 552 634 592 vetustatem
674 543 805 589 ferre
846 558 907 588 ea
946 557 1135 604 genera
1174 540 1467 586 docuerunt.
1535 539 1800 602 Aegyptus

326 627 525 675 quoque
546 627 572 656 e
591 610 734 672 fruge
755 609 846 655 sibi
865 616 1013 670 potus
1032 607 1202 653 similis
1223 609 1546 669 excogitavit,
1565 605 1801 668 nullaque

325 683 375 725 in
393 685 537 740 parte
551 677 724 722 mundi
737 683 899 721 cessat
919 675 1137 720 ebrietas
1154 687 1166 727 ;
1184 689 1346 719 meros
1366 676 1551 734 quippe
1564 671 1800 718 hauriunt

324 745 452 791 tales
474 761 614 790 sucos
635 759 727 788 nec
747 741 983 788 diluendo
1005 748 1061 786 ut
1083 743 1197 786 vina
1216 743 1482 802 mitigant3
1521 746 1592 793 at,
1614 738 1803 785 Hercu-

326 812 414 866 les,
448 810 545 857 illic
580 809 728 856 tellus
763 808 932 870 fruges
968 823 1145 868 parare
1180 806 1459 852 videbatur.
1527 804 1644 859 heu,
1677 808 1804 850 mira

326 881 557 924 vitiorum
611 875 856 922 sollertia!
930 877 1190 919 inventum
1246 880 1323 919 est
1379 871 1803 935 quemadmodum

327 960 488 1007 aquae
511 958 709 1006 quoque
732 942 1053 987 inebriarent.

396 1011 510 1057 Duo
543 1016 660 1056 sunt
693 1008 906 1070 liquores
940 1006 1167 1052 humanis
1200 1005 1485 1067 corporibus
1519 1006 1804 1067 gratissimi,

327 1081 460 1123 intus
494 1079 610 1131 vini,
642 1075 758 1121 foris
792 1075 904 1129 olei,
937 1074 1168 1119 arborum
1203 1089 1230 1119 e
1263 1087 1449 1135 genere
1483 1071 1630 1117 ambo
1662 1086 1805 1133 prae-

326 1147 474 1205 cipui,
511 1143 600 1189 sed
637 1142 734 1188 olei
770 1143 1093 1195 necessarius,
1130 1155 1223 1186 nec
1260 1142 1482 1201 segniter
1517 1141 1569 1183 in
1606 1153 1665 1183 eo
1701 1140 1806 1183 vita

327 1211 617 1257 elaboravit.
686 1215 875 1270 quanto
900 1215 1075 1254 tamen
1101 1209 1151 1252 in
1176 1212 1301 1268 potu
1326 1207 1628 1268 ingeniosior
1653 1203 1804 1250 fuerit

328 1276 591 1339 apparebit
621 1275 685 1321 ad
713 1274 988 1320 bibendum
1017 1272 1284 1336 generibus
1314 1278 1519 1318 centum
1547 1273 1805 1333 octoginta

327 1347 548 1406 quinque
581 1342 641 1403 (si
674 1345 862 1403 species
896 1357 1012 1386 vero
1046 1343 1394 1393 aestimentur,
1425 1353 1588 1399 paene
1621 1336 1804 1398 duplici

328 1409 555 1471 numero)
601 1411 916 1470 excogitatis,
958 1414 1205 1468 tantoque
1241 1404 1554 1467 paucioribus
1592 1403 1704 1460 olei,
1741 1403 1804 1450 de

328 1494 425 1540 quo
449 1478 680 1539 sequenti
706 1474 952 1521 volumine
976 1473 1214 1519 dicemus.

928 1591 944 1614 ²
973 1603 995 1628 e
1016 1589 1081 1628 tul.
1103 1602 1183 1629 om.

334 2622 422 2677 284
