1909 2998
214 345 266 382 59

216 663 267 701 60

217 1220 262 1258 61

216 1936 267 1975 62

549 210 793 256 PLINY:
858 210 1187 256 NATURAL
1232 209 1528 256 HISTORY

362 335 504 383 VIII.
541 336 741 383 Genera
758 344 929 383 autem
945 340 1044 383 vini
1064 336 1161 382 alia
1180 336 1286 383 aliis
1303 339 1523 400 gratiora
1540 351 1647 383 esse
1667 339 1776 399 quis

297 416 514 471 dubitet,
549 423 636 463 aut
677 433 778 463 non
811 415 976 463 norit1
1012 433 1074 464 ex
1110 416 1289 463 eodem
1320 415 1433 463 lacu
1467 415 1602 463 aliud
1634 432 1777 478 prae-

296 500 510 543 stantius
547 496 705 543 altero
739 499 1130 559 germanitatem
1164 496 1468 559 praecedere
1503 499 1605 543 sive
1639 502 1777 542 testa

296 580 399 623 sive
428 576 635 622 fortuito
668 576 886 622 eventu?
954 577 1280 639 quamobrem
1311 576 1374 622 de
1410 579 1693 638 principatu
1723 592 1776 622 se

299 659 508 718 quisque
558 655 774 702 iudicem
823 663 1033 703 statuet.
1112 656 1238 702 Iulia
1282 656 1515 719 Augusta
1563 670 1737 701 LXXXVI
1759 654 1778 684 ²

298 752 451 781 annos
487 738 621 782 vitae
658 735 843 781 Pucino
879 739 992 781 vino
1028 736 1225 782 rettulit
1261 742 1510 798 acceptos,
1546 751 1646 781 non
1681 735 1777 781 alio

298 831 403 861 usa.
469 818 692 878 gignitur
719 818 771 860 in
798 819 909 861 sinu
938 814 1218 862 Hadriatici
1245 818 1393 862 maris
1422 831 1521 861 non
1549 815 1719 877 procul
1749 831 1777 860 a

297 895 488 940 Timavi
504 894 523 923 ³
547 895 705 950 fonte,
729 911 906 941 saxoso
930 894 1071 950 colle,
1096 898 1348 941 maritimo
1378 894 1569 942 adflatu
1591 911 1776 957 paucas

297 981 546 1036 coquente
582 973 876 1037 amphoras;
912 991 1004 1022 nec
1037 975 1171 1021 aliud
1200 978 1365 1037 aptius
1397 974 1777 1021 medicamentis

297 1054 559 1101 iudicatur.
626 1054 719 1101 hoc
763 1071 871 1101 esse
912 1055 1209 1101 crediderim
1252 1055 1387 1117 quod
1429 1053 1609 1101 Graeci
1649 1054 1778 1101 cele-

298 1135 501 1180 brantes
531 1138 665 1180 miris
698 1134 927 1181 laudibus
962 1134 1380 1181 Praetutianum4
1416 1133 1777 1197 appellaverint

301 1230 364 1260 ex
396 1212 689 1260 Hadriatico
714 1218 839 1260 sinu.
910 1215 1067 1261 Divus
1093 1215 1352 1277 Augustus
1377 1213 1606 1261 Setinum
1634 1230 1777 1276 prae-

297 1293 414 1340 tulit
436 1297 626 1340 cunctis
651 1301 703 1340 et
726 1293 832 1340 fere
855 1299 1014 1341 secuti
1036 1297 1301 1356 principes,
1320 1294 1547 1341 confessa
1568 1301 1776 1356 propter

300 1377 663 1435 experimenta,
697 1390 797 1420 non
830 1381 1024 1421 temere
1058 1374 1389 1421 cruditatibus
1425 1376 1584 1420 noxiis
1619 1374 1682 1420 ab
1717 1390 1779 1421 ea

298 1453 450 1499 saliva
474 1454 798 1500 nascentibus
835 1491 846 1501 .
885 1491 894 1501 .
934 1455 968 1500 ‚5
1004 1457 1225 1500 nascitur
1249 1470 1398 1516 supra
1423 1454 1606 1500 Forum
1625 1454 1775 1516 Appi.

299 1540 451 1579 antea
466 1533 697 1580 Caecubo
718 1541 826 1580 erat
851 1537 1162 1597 generositas
1187 1534 1515 1580 celeberrima
1538 1536 1590 1579 in
1611 1533 1777 1596 palus-

298 1614 456 1659 tribus
491 1614 741 1676 populetis
770 1617 879 1660 sinu
905 1614 1200 1677 Amyclano,
1226 1614 1360 1677 quod
1393 1617 1496 1659 iam
1523 1614 1778 1660 intercidit

298 1695 486 1739 incuria
520 1693 680 1740 coloni
714 1694 909 1757 locique
945 1697 1196 1757 angustia,
1231 1697 1390 1757 magis
1430 1701 1606 1739 tamen
1646 1692 1778 1740 fossa

301 1771 508 1819 Neronis
533 1790 685 1836 quam
722 1790 750 1819 a
785 1773 973 1819 Baiano
1007 1774 1121 1820 lacu
1153 1772 1351 1820 Ostiam
1381 1789 1539 1836 usque
1575 1776 1778 1836 naviga-

299 1852 451 1898 bilem
473 1852 811 1900 incohaverat.

362 1931 591 1978 Secunda
638 1933 869 1979 nobilitas
920 1933 1129 1980 Falerno
1179 1950 1298 1996 agro
1347 1940 1456 1979 erat
1505 1940 1557 1980 et
1606 1949 1670 1980 ex
1719 1949 1778 1979 eo

299 2016 517 2058 maxime
559 2013 855 2068 Faustiano;
904 2030 1021 2059 cura
1063 2013 1359 2076 culturaque
1402 2013 1454 2059 id
1497 2012 1778 2076 coegerat.⁶

416 2112 430 2135 ¹
460 2112 574 2150 norit
594 2111 720 2150 add.?
754 2112 958 2162 Mayhoff.

418 2166 432 2187 2
463 2175 633 2203 LXXXVI
650 2165 740 2203 coll.
762 2166 897 2204 Dione
919 2166 1065 2205 Cassio
1085 2165 1329 2216 Nipperdey
1348 2180 1356 2204 :
1390 2175 1562 2205 LXXXII.

417 2218 432 2239 ³
461 2218 699 2257 Rackham:
731 2218 926 2257 Timavo.

417 2271 433 2294 ⁴
462 2271 674 2310 Rackham
695 2272 785 2311 coll.
810 2273 850 2322 ἓξ
872 2272 939 2318 67,
960 2273 1036 2312 75:
1070 2271 1360 2317 Praicianum,
1381 2276 1451 2310 etc.

419 2324 434 2346 ⁵
464 2325 741 2364 nascentibus
761 2326 857 2364 add.
888 2326 931 2364 W
935 2324 1190 2375 arminqton,
1212 2323 1408 2364 lacunam
1428 2324 1653 2364 Rackham.

417 2377 432 2400 ⁸
464 2381 689 2428 coegerat?
720 2378 845 2428 coll.§
869 2380 943 2417 115
966 2377 1186 2428 M'ayhoff:
1219 2378 1460 2429 collegerat.

449 2523 465 2540 ‘³
496 2517 543 2555 L.
566 2517 784 2557 Cornelius
805 2516 923 2557 Sulla
943 2517 1146 2565 Faustus,
1166 2530 1244 2557 son
1265 2516 1314 2556 of
1329 2516 1403 2557 the
1423 2516 1627 2558 dictator.

305 2594 390 2637 226
