1909 2998
880 654 1085 701 LIBER
1131 655 1224 701 XV

382 781 419 828 I.
457 780 635 827 OLEAM
668 780 1040 843 Theophrastus
1074 798 1101 827 e
1130 782 1462 828 celeberrimis
1489 781 1792 828 Graecorum

318 862 600 907 auctoribus
650 861 783 907 urbis
834 861 1024 907 Romae
1071 878 1201 907 anno
1249 865 1444 908 circiter
1492 876 1664 907 CCCCXL
1708 878 1794 908 ne-

315 944 453 1003 gavit
504 944 595 987 nisi
644 944 775 987 intra
839 945 965 987 'iffi
1029 957 1264 1003 passuum
1327 941 1391 987 ab
1456 945 1580 988 mari
1642 945 1794 997 nasci,

319 1021 603 1067 Fenestella
627 1038 742 1067 vero
765 1024 966 1066 omnino
990 1038 1087 1066 non
1111 1021 1261 1067 fuisse
1284 1024 1336 1066 in
1359 1021 1509 1067 Italia
1532 1021 1795 1083 Hispania-

318 1117 415 1163 que
448 1109 535 1146 aut
566 1100 737 1147 Africa
768 1101 1036 1163 Tarquinio
1067 1100 1233 1147 Prisco
1264 1108 1527 1163 regnante,
1559 1101 1621 1146 ab
1653 1104 1793 1147 annis

317 1180 485 1243 populi
534 1180 745 1226 Romani
788 1195 988 1235 CLxxm,
1034 1198 1162 1243 quae
1207 1197 1336 1227 nunc
1384 1184 1611 1242 pervenit
1656 1187 1793 1227 trans

317 1261 471 1322 Alpes
518 1277 717 1323 quoque
755 1267 807 1306 et
852 1264 902 1306 in
940 1260 1127 1306 Gallias
1175 1260 1542 1323 Hispaniasque
1587 1260 1792 1307 medias.

269 1346 294 1385 2
317 1341 450 1386 urbis
480 1340 683 1402 quidem
719 1357 848 1386 anno
886 1356 948 1386 nv
986 1342 1149 1403 Appio
1179 1340 1387 1386 Claudio
1423 1340 1572 1387 Caeci
1608 1349 1794 1403 nepote

319 1420 377 1467 L.
427 1421 568 1467 Iunio
605 1438 702 1467 cos.
752 1421 847 1467 olei
894 1420 1050 1466 librae
1087 1421 1351 1467 duodenae
1388 1420 1566 1467 denis1
1605 1421 1794 1467 assibus

319 1504 535 1555 veniere,
572 1508 625 1547 et
659 1517 775 1546 mox
812 1517 942 1546 anno
979 1515 1162 1545 Dchxx
1203 1500 1274 1547 M.
1302 1500 1442 1547 Seius
1469 1499 1526 1546 L.
1558 1499 1591 1546 f.
1623 1501 1795 1547 aedilis

319 1581 498 1627 curulis
523 1580 618 1627 olei
642 1580 797 1627 denas
816 1580 965 1626 libras
989 1580 1194 1642 singulis
1219 1581 1408 1626 assibus
1432 1584 1686 1642 praestitit
1710 1598 1796 1642 po-

267 1666 293 1705 3
316 1661 432 1722 pulo
464 1660 688 1706 Romano
723 1677 813 1722 per
841 1667 1007 1707 totum
1038 1677 1239 1706 annum.
1307 1664 1468 1706 minus
1500 1677 1559 1706 ea
1589 1664 1797 1706 miretur

317 1745 400 1804 qui
425 1744 550 1787 sciat
575 1748 688 1803 post
708 1757 861 1786 annos
888 1755 991 1785 xxn
1019 1740 1107 1786 Cn.
1136 1740 1373 1802 Pompeio
1399 1756 1473 1786 111.
1507 1757 1604 1786 cos.
1631 1740 1795 1786 oleum

319 1824 579 1883 provinciis
638 1820 838 1867 Italiam
896 1824 1101 1867 misisse.
1170 1819 1417 1867 Hesiodus
1475 1837 1690 1882 quoque,
1747 1824 1796 1866 in

322 1904 490 1963 primis
511 1901 759 1948 culturam
781 1917 1012 1963 agrorum
1033 1900 1312 1947 docendam
1334 1900 1603 1946 arbitratus
1625 1904 1797 1955 vitam,

320 1984 523 2044 negavit
571 1981 712 2027 oleae
760 1988 980 2026 satorem
1029 1980 1247 2026 fructum
1297 1997 1359 2026 ex
1409 1997 1469 2026 ea
1516 1984 1797 2042 percepisse

320 2068 797 2124 quemquam—tam
820 2060 967 2106 tarda
990 2068 1110 2106 tunc
1133 2076 1210 2105 res
1235 2067 1372 2114 erat3
1413 2067 1465 2106 at
1489 2076 1618 2106 nunc
1643 2063 1795 2105 etiam

320 2144 370 2187 in
417 2140 675 2202 plantariis
723 2140 909 2195 ferunt,
956 2139 1415 2202 translatarumque
1462 2139 1620 2185 altero
1667 2156 1796 2185 anno

320 2220 658 2282 decerpuntur
679 2220 850 2266 bacae.

271 2308 294 2344 4
383 2300 450 2346 II.
490 2301 735 2346 Fabianus
761 2307 915 2362 negat
935 2302 1193 2361 provenire
1219 2302 1269 2344 in
1288 2299 1612 2361 frigidissimis
1635 2299 1796 2345 oleam

322 2397 486 2444 neque
544 2385 594 2426 in
651 2379 974 2427 calidissimis.
1041 2395 1229 2442 genera
1288 2368 1460 2425 earum
1516 2382 1612 2425 tria
1670 2379 1797 2425 dixit

619 2510 634 2535 ²
665 2510 716 2548 M
718 2509 862 2560 ayhoff
875 2524 884 2549 z
915 2508 1138 2548 duodenae
1158 2513 1230 2548 aut
1251 2507 1360 2547 duae
1381 2508 1514 2548 denis.

321 2587 408 2631 288
