1909 2998
192 571 243 609 73

195 1203 247 1241 74

197 1745 249 1782 75

200 2195 252 2233 76

528 162 771 210 PLINY:
836 159 1167 206 NATURAL
1212 157 1510 205 HISTORY

273 292 397 339 libro
440 291 552 337 vela
595 296 918 353 tegetesque,
963 303 1058 333 nec
1103 302 1203 332 non
1249 292 1303 331 et
1348 290 1560 338 vestem,
1607 285 1760 330 etiam

272 382 496 445 stragula
541 398 598 427 ac
645 379 805 426 funes.
875 377 1122 423 mandunt
1172 391 1372 439 quoque
1419 373 1628 420 crudum
1675 373 1762 420 de-

272 480 590 534 coctumque,
614 487 787 516 sucum
810 475 1013 515 tantum
1038 467 1354 513 devorantes.

337 563 570 608 Nascitur
619 568 673 607 et
721 564 773 605 in
822 558 965 622 Syria
1015 560 1146 603 circa
1195 572 1347 619 quem
1396 554 1633 601 odoratus
1681 553 1763 600 ille

273 653 492 700 calamus
511 652 692 706 lacum,
709 666 875 713 neque
895 648 1000 694 aliis
1019 664 1135 693 usus
1158 654 1235 693 est
1258 663 1409 709 quarn
1429 645 1547 691 inde
1565 644 1765 691 funibus

275 761 363 790 rex
404 744 689 805 Antigonus
731 744 783 786 in
822 739 1080 785 navalibus
1122 738 1289 792 rebus,
1331 736 1555 782 nondum
1595 742 1765 798 sparto

275 835 658 881 communicato.
729 847 889 894 nuper
924 837 976 875 et
1011 832 1061 874 in
1098 827 1358 891 Euphrate
1393 842 1602 872 nascens
1637 828 1766 871 circa

270 910 587 988 vBabylonem
619 938 869 986 papyrum
903 919 1221 966 intellectum
1255 924 1334 964 est
1368 917 1586 963 eundem
1621 932 1764 962 usum

277 1014 464 1061 habere
512 1013 747 1067 chartae3
815 1019 868 1058 et
916 1018 1091 1056 tamen
1140 1008 1302 1055 adhuc
1350 1007 1546 1054 malunt
1595 1004 1765 1052 Parthi

278 1106 500 1152 vestibus
524 1104 720 1150 litteras
745 1105 991 1148 intexere.

334 1193 530 1240 XXIII.
559 1192 895 1256 Praeparatur
915 1209 976 1237 ex
998 1207 1057 1237 eo
1077 1189 1251 1236 charta
1270 1189 1426 1236 diviso
1447 1205 1538 1235 acu
1557 1190 1608 1234 in
1625 1205 1769 1252 prae-

277 1293 458 1332 tenues
495 1284 584 1330 sed
622 1300 774 1346 quam
810 1282 1077 1328 latissimas
1113 1279 1335 1344 philyras
1355 1279 1402 1334 13
1456 1281 1768 1342 principatus

278 1375 462 1431 medio,
497 1382 652 1436 atque
686 1373 804 1419 inde
839 1375 1081 1418 scissurae
1117 1370 1306 1416 ordine.
1373 1372 1536 1433 prima
1556 1369 1575 1397 2
1608 1361 1770 1414 hiera-

278 1469 380 1512 tica
415 1464 766 1529 appellabatur
804 1465 1082 1525 antiquitus
1118 1461 1361 1523 religiosis
1398 1467 1599 1506 tantum
1635 1457 1770 1505 volu-

280 1557 495 1602 minibus
547 1555 733 1610 dicata,
787 1570 917 1616 quae
972 1552 1261 1598 adulatione
1315 1553 1535 1614 Augusti
1587 1566 1770 1596 nomen

280 1649 492 1709 accepit,
528 1648 656 1691 sicut
705 1643 925 1690 secunda
964 1643 1134 1688 Liviae
1185 1659 1214 1687 a
1249 1644 1462 1704 coniuge
1512 1643 1649 1687 eius:
1697 1642 1770 1686 ita

280 1736 543 1783 descendit
584 1734 827 1781 hieratica
869 1737 919 1779 in
964 1736 1174 1779 tertium
1218 1748 1419 1778 nomen.
1487 1733 1770 1795 proximum

281 1825 730 1890 amphitheatricae
750 1825 770 1854 3
811 1824 987 1870 datum
1023 1822 1190 1869 fuerat
1224 1839 1254 1867 a
1287 1821 1611 1868 confecturae
1645 1821 1769 1866 loco.

281 1920 482 1981 excepit
524 1916 653 1961 hanc
697 1915 887 1961 Romae
935 1914 1092 1959 Fanni
1137 1930 1292 1976 sagax
1339 1912 1551 1968 officina,
1594 1918 1771 1958 tenua-

279 2015 487 2070 tamque
532 2009 725 2053 curiosa
768 2005 1158 2068 interpolatione
1201 2002 1532 2067 principalem
1576 2001 1698 2048 fecit
1743 2018 1770 2048 e

279 2098 479 2161 plebeia
512 2105 564 2143 et
597 2113 781 2142 nomen
815 2098 861 2141 ei
897 2095 1068 2149 dedit3
1122 2110 1252 2156 quae
1286 2110 1387 2139 non
1422 2099 1557 2139 esset
1589 2095 1662 2138 ita
1694 2107 1770 2137 re-

280 2195 454 2234 curata
495 2190 545 2232 in
587 2203 675 2232 suo
717 2188 902 2231 mansit
951 2182 1414 2248 amphitheatrica.3
1481 2189 1597 2246 post
1639 2180 1768 2227 hanc

502 2308 517 2331 1
546 2306 675 2344 fibras
696 2306 801 2344 Birt.
1144 2304 1159 2327 ²
1189 2305 1328 2354 prima
1347 2302 1440 2341 add.
1463 2302 1568 2341 Birt.

505 2361 521 2384 ³
557 2359 654 2399 VM.
676 2357 1113 2409 amphitheatriticae,
1136 2355 1551 2407 amphitheatritioa.

603 2493 620 2510 α
651 2486 740 2525 The
761 2485 1083 2537 amphitheatre
1104 2483 1154 2524 of
1167 2483 1445 2523 Alexandria.

289 2579 371 2620 142
