1909 2998
585 216 829 262 PLlNY:
894 215 1223 262 NATURAL
1268 215 1566 262 HISTORY

328 345 507 391 nullius
554 351 672 390 ante
719 343 1097 388 Ciceronianam
1144 346 1389 389 vetustior
1433 345 1675 388 memoria
1719 350 1815 399 est,

325 442 423 488 quo
447 427 669 470 noviciae
695 430 956 486 apparent.

229 512 305 551 103
392 503 579 550 XXXI.
616 503 729 549 Alia
748 510 824 549 est
843 503 988 548 arbor
1007 502 1186 548 eodem
1205 505 1424 557 nomine,
1443 502 1630 548 malum
1648 502 1814 549 ferens

328 592 617 631 execratum
655 584 830 646 aliquis
867 582 1018 628 odore
1050 590 1103 628 et
1139 582 1493 638 amaritudine,
1519 582 1626 628 aliis
1663 599 1814 646 expe-

325 669 494 719 titum,
517 664 692 709 domus
716 666 872 709 etiam
893 663 1153 718 decorans,
1175 679 1268 708 nec
1290 662 1506 708 dicenda
1527 663 1797 708 verbosius.

228 751 305 791 104
392 744 591 790 XXXII
644 743 837 789 Eadem
858 742 1045 797 Africa,
1063 759 1162 805 qua
1181 745 1344 805 vergit
1363 741 1427 788 ad
1447 759 1552 798 nos,
1569 745 1815 806 insignem

328 825 555 870 arborem
590 824 729 869 loton
757 826 937 885 gignit,
968 839 1119 885 quam
1147 829 1294 868 vocat
1322 821 1546 878 celthim,
1575 829 1629 869 et
1656 825 1816 886 ipsam

331 905 507 951 Italiae
553 903 849 949 familiarem
894 903 984 949 sed
1028 910 1165 949 terra
1208 909 1476 949 mutatam.
1543 905 1817 966 praecipua

330 993 407 1030 est
433 988 563 1030 circa
587 983 760 1047 Syrtes
787 990 940 1045 atque
967 982 1292 1028 Nasamonas.
1361 982 1658 1045 magnitudo
1687 999 1816 1045 quae

327 1068 452 1128 piro,
503 1080 809 1126 quamquam
859 1063 1028 1126 Nepos
1079 1062 1337 1109 Cornelius
1386 1063 1593 1109 brevem
1641 1063 1815 1109 tradit.

327 1148 570 1190 incisurae
615 1143 733 1189 folio
776 1143 1068 1198 crebriores,
1114 1142 1297 1205 alioqui
1341 1142 1465 1188 ilicis
1509 1142 1815 1189 viderentur.

327 1223 641 1270 differentiae
677 1223 862 1287 plures,
900 1239 1093 1285 eaeque
1130 1225 1350 1268 maxime
1388 1222 1633 1268 fructibus
1671 1222 1815 1269 fiunt.

230 1311 307 1350 105
332 1304 627 1367 magnitudo
658 1302 772 1349 huic
804 1302 969 1358 fabae,
999 1302 1133 1348 color
1163 1305 1310 1358 croci,
1341 1302 1432 1349 sed
1462 1309 1582 1348 ante
1612 1305 1818 1349 maturi-

327 1392 490 1431 tatem
520 1384 644 1429 alius
675 1391 829 1446 atque
860 1383 1002 1438 alius,
1032 1385 1161 1429 sicut
1191 1385 1313 1429 uvis.
1383 1385 1605 1428 nascitur
1633 1382 1818 1429 densus

328 1468 379 1510 in
412 1468 560 1510 ramis
596 1467 749 1527 myrti
782 1463 950 1518 modo,
985 1480 1085 1509 non
1119 1469 1177 1508 ut
1210 1465 1262 1508 in
1298 1462 1447 1508 Italia
1480 1462 1677 1518 cerasi,l
1710 1469 1818 1509 tam

328 1544 484 1590 dulcis
533 1545 600 1589 ibi
650 1544 761 1589 cibo
810 1550 868 1589 ut
916 1559 1101 1589 nomen
1151 1545 1307 1589 etiam
1356 1545 1499 1605 genti
1548 1549 1817 1605 terraeque

328 1625 528 1670 dederit
555 1626 700 1669 nimis
729 1622 961 1687 hospitali
993 1623 1299 1669 advenarum
1328 1622 1575 1668 oblivione
1602 1626 1815 1686 patriae.

328 1704 496 1750 ferunt
521 1707 708 1750 ventris
734 1720 833 1748 non
858 1706 1046 1749 sentire
1081 1704 1279 1748 morbos
1305 1705 1390 1765 qui
1415 1718 1532 1748 eum
1556 1702 1814 1749 mandant.

230 1791 307 1829 106
330 1785 504 1830 melior
542 1787 648 1830 sine
688 1787 926 1829 interiore
968 1782 1163 1838 nucleo,
1204 1786 1288 1845 qui
1327 1782 1392 1828 de
1432 1782 1592 1828 altero
1630 1799 1817 1845 genere

328 1881 496 1910 osseus
523 1864 737 1910 videtur.
807 1867 977 1909 vinum
1005 1879 1205 1926 quoque
1236 1865 1534 1927 exprimitur
1559 1861 1629 1907 illi
1656 1862 1816 1909 simile

328 1944 504 2000 mulso,
549 1943 682 2006 quod
726 1943 858 1989 ultra
902 1943 1058 1989 denos
1103 1942 1212 1988 dies
1257 1949 1414 2005 negat
1457 1941 1638 1988 durare
1681 1942 1816 1988 idem

331 2024 516 2086 Nepos,
551 2024 801 2086 bacasque
837 2027 1058 2069 concisas
1094 2040 1208 2068 cum
1244 2022 1370 2068 alica
1406 2022 1470 2068 ad
1503 2022 1639 2068 cibos
1674 2021 1816 2069 doliis

330 2104 491 2150 condi.
561 2106 680 2166 quin
714 2111 767 2149 et
801 2106 1052 2149 exercitus
1086 2109 1256 2166 pastos
1291 2119 1351 2148 eo
1384 2104 1653 2166 accipimus
1687 2101 1815 2149 ultro

752 2254 767 2278 ²
798 2253 903 2293 Edd.
924 2268 933 2293 t
966 2254 1119 2292 cerasis
1139 2259 1212 2292 aut
1233 2266 1414 2292 cerasus.

759 2513 776 2531 ‘³
805 2506 893 2544 The
914 2505 1170 2557 Lotophagi,
1191 2518 1258 2544 see
1279 2505 1328 2546 V.
1351 2506 1416 2544 41.

343 2605 427 2649 160
