<?xml version="1.0" encoding="UTF-8"?>
<!DOCTYPE html PUBLIC "-//W3C//DTD XHTML 1.0 Transitional//EN"
    "http://www.w3.org/TR/xhtml1/DTD/xhtml1-transitional.dtd">
<html xmlns="http://www.w3.org/1999/xhtml" xml:lang="en" lang="en">
 <head>
  <title>
</title>
<meta http-equiv="Content-Type" content="text/html;charset=utf-8" />
  <meta name='ocr-system' content='tesseract 3.04.00' />
  <meta name='ocr-capabilities' content='ocr_page ocr_carea ocr_par ocr_line ocrx_word'/>
</head>
<body>
  <div class='ocr_page' id='page_1' title='image "./naturalhistory04plinuoft/naturalhistory04plinuoft_0268.png"; bbox 0 0 1909 2998; ppageno 0'>
   <div class='ocr_carea' id='block_1_1' title="bbox 592 213 1571 262">
    <p class='ocr_par' dir='ltr' id='par_1_1' title="bbox 592 213 1571 262">
     <span class='ocr_line' id='line_1_1' title="bbox 592 213 1571 262; baseline 0.002 -2"><span class='ocrx_word' id='word_1_1' title='bbox 592 213 836 260; x_wconf 87' lang='lat' dir='ltr'><strong>PLINY:</strong></span> <span class='ocrx_word' id='word_1_2' title='bbox 901 213 1231 261; x_wconf 87' lang='lat' dir='ltr'><strong>NATURAL</strong></span> <span class='ocrx_word' id='word_1_3' title='bbox 1275 213 1571 262; x_wconf 87' lang='lat' dir='ltr'>HISTORY</span> 
     </span>
    </p>
   </div>
   <div class='ocr_carea' id='block_1_2' title="bbox 231 340 1818 2399">
    <p class='ocr_par' dir='ltr' id='par_1_2' title="bbox 339 340 1817 491">
     <span class='ocr_line' id='line_1_2' title="bbox 339 340 1817 404; baseline 0.001 -16"><span class='ocrx_word' id='word_1_4' title='bbox 339 343 472 388; x_wconf 87' lang='lat' dir='ltr'>bacis</span> <span class='ocrx_word' id='word_1_5' title='bbox 512 341 703 388; x_wconf 87' lang='lat' dir='ltr'>factum</span> <span class='ocrx_word' id='word_1_6' title='bbox 745 348 821 388; x_wconf 88' lang='lat' dir='ltr'>est</span> <span class='ocrx_word' id='word_1_7' title='bbox 861 341 1203 404; x_wconf 78' lang='lat' dir='ltr'><strong>myrtidanum</strong></span> <span class='ocrx_word' id='word_1_8' title='bbox 1244 348 1467 397; x_wconf 84' lang='lat' dir='ltr'>vocatur,</span> <span class='ocrx_word' id='word_1_9' title='bbox 1506 340 1599 390; x_wconf 93' lang='lat' dir='ltr'>hoc</span> <span class='ocrx_word' id='word_1_10' title='bbox 1641 360 1817 391; x_wconf 88' lang='lat' dir='ltr'>manus</span> 
     </span>
     <span class='ocr_line' id='line_1_3' title="bbox 343 430 547 491; baseline -0.005 -16"><span class='ocrx_word' id='word_1_11' title='bbox 343 430 547 491; x_wconf 85' lang='lat' dir='ltr'>tinguit.</span> 
     </span>
    </p>

    <p class='ocr_par' dir='ltr' id='par_1_3' title="bbox 238 512 1818 836">
     <span class='ocr_line' id='line_1_4' title="bbox 238 512 1817 577; baseline 0.003 -19"><span class='ocrx_word' id='word_1_12' title='bbox 238 521 315 560; x_wconf 88' lang='lat'>105</span> <span class='ocrx_word' id='word_1_13' title='bbox 401 514 479 560; x_wconf 88' lang='lat' dir='ltr'>Ex</span> <span class='ocrx_word' id='word_1_14' title='bbox 503 513 578 560; x_wconf 92' lang='lat' dir='ltr'>his</span> <span class='ocrx_word' id='word_1_15' title='bbox 606 530 736 576; x_wconf 91' lang='lat' dir='ltr'>quae</span> <span class='ocrx_word' id='word_1_16' title='bbox 760 516 811 559; x_wconf 93' lang='lat' dir='ltr'>in</span> <span class='ocrx_word' id='word_1_17' title='bbox 836 512 991 560; x_wconf 82' lang='lat' dir='ltr'>hortis</span> <span class='ocrx_word' id='word_1_18' title='bbox 1017 517 1295 577; x_wconf 85' lang='lat' dir='ltr'>gignuntur</span> <span class='ocrx_word' id='word_1_19' title='bbox 1322 513 1378 561; x_wconf 89' lang='lat' dir='ltr'>fit</span> <span class='ocrx_word' id='word_1_20' title='bbox 1403 517 1572 561; x_wconf 90' lang='lat' dir='ltr'>vinum</span> <span class='ocrx_word' id='word_1_21' title='bbox 1599 531 1627 562; x_wconf 88' lang='lat' dir='ltr'>e</span> <span class='ocrx_word' id='word_1_22' title='bbox 1651 516 1817 563; x_wconf 81' lang='lat' dir='ltr'>radice</span> 
     </span>
     <span class='ocr_line' id='line_1_5' title="bbox 337 599 1817 664; baseline 0.001 -17"><span class='ocrx_word' id='word_1_23' title='bbox 337 604 583 664; x_wconf 83' lang='lat' dir='ltr'>asparagi,</span> <span class='ocrx_word' id='word_1_24' title='bbox 631 599 812 656; x_wconf 88' lang='lat' dir='ltr'>cunila,</span> <span class='ocrx_word' id='word_1_25' title='bbox 862 604 1084 663; x_wconf 90' lang='lat' dir='ltr'>origano,</span> <span class='ocrx_word' id='word_1_26' title='bbox 1134 604 1214 662; x_wconf 88' lang='lat' dir='ltr'>api</span> <span class='ocrx_word' id='word_1_27' title='bbox 1264 604 1473 657; x_wconf 89' lang='lat' dir='ltr'>semine,</span> <span class='ocrx_word' id='word_1_28' title='bbox 1521 600 1817 659; x_wconf 76' lang='lat' dir='ltr'>habrotono,</span> 
     </span>
     <span class='ocr_line' id='line_1_6' title="bbox 335 687 1817 750; baseline 0.001 -17"><span class='ocrx_word' id='word_1_29' title='bbox 335 694 631 742; x_wconf 75' lang='lat' dir='ltr'>mentastro,</span> <span class='ocrx_word' id='word_1_30' title='bbox 665 694 797 742; x_wconf 89' lang='lat' dir='ltr'>ruta,</span> <span class='ocrx_word' id='word_1_31' title='bbox 831 694 1036 749; x_wconf 79' lang='lat' dir='ltr'>nepeta,</span> <span class='ocrx_word' id='word_1_32' title='bbox 1070 687 1303 750; x_wconf 83' lang='lat' dir='ltr'>serpyllo,</span> <span class='ocrx_word' id='word_1_33' title='bbox 1336 691 1611 743; x_wconf 81' lang='lat' dir='ltr'>marruvi03</span> <span class='ocrx_word' id='word_1_34' title='bbox 1661 692 1817 735; x_wconf 89' lang='lat' dir='ltr'>mani-</span> 
     </span>
     <span class='ocr_line' id='line_1_7' title="bbox 337 773 1818 836; baseline 0.001 -16"><span class='ocrx_word' id='word_1_35' title='bbox 337 774 477 836; x_wconf 90' lang='lat' dir='ltr'>pulos</span> <span class='ocrx_word' id='word_1_36' title='bbox 504 774 646 820; x_wconf 87' lang='lat' dir='ltr'>binos</span> <span class='ocrx_word' id='word_1_37' title='bbox 674 773 897 820; x_wconf 85' lang='lat' dir='ltr'>condunt</span> <span class='ocrx_word' id='word_1_38' title='bbox 925 777 976 818; x_wconf 91' lang='lat' dir='ltr'>in</span> <span class='ocrx_word' id='word_1_39' title='bbox 1003 774 1185 820; x_wconf 90' lang='lat' dir='ltr'>cadum</span> <span class='ocrx_word' id='word_1_40' title='bbox 1212 776 1363 820; x_wconf 88' lang='lat' dir='ltr'>musti</span> <span class='ocrx_word' id='word_1_41' title='bbox 1393 781 1445 820; x_wconf 89' lang='lat' dir='ltr'>et</span> <span class='ocrx_word' id='word_1_42' title='bbox 1472 791 1624 836; x_wconf 88' lang='lat' dir='ltr'>sapae</span> <span class='ocrx_word' id='word_1_43' title='bbox 1652 783 1818 822; x_wconf 84' lang='lat' dir='ltr'>sexta-</span> 
     </span>
    </p>

    <p class='ocr_par' dir='ltr' id='par_1_4' title="bbox 238 859 1817 1428">
     <span class='ocr_line' id='line_1_8' title="bbox 238 859 1816 923; baseline 0.003 -18"><span class='ocrx_word' id='word_1_44' title='bbox 238 868 313 907; x_wconf 87' lang='lat'>106</span> <span class='ocrx_word' id='word_1_45' title='bbox 338 865 464 907; x_wconf 91' lang='lat' dir='ltr'>rium</span> <span class='ocrx_word' id='word_1_46' title='bbox 493 867 546 907; x_wconf 83' lang='lat' dir='ltr'>et</span> <span class='ocrx_word' id='word_1_47' title='bbox 574 877 738 923; x_wconf 88' lang='lat' dir='ltr'>aquae</span> <span class='ocrx_word' id='word_1_48' title='bbox 765 863 988 907; x_wconf 88' lang='lat' dir='ltr'>marinae</span> <span class='ocrx_word' id='word_1_49' title='bbox 1015 859 1287 907; x_wconf 90' lang='lat' dir='ltr'>heminam.</span> <span class='ocrx_word' id='word_1_50' title='bbox 1355 877 1383 907; x_wconf 90' lang='lat' dir='ltr'>e</span> <span class='ocrx_word' id='word_1_51' title='bbox 1411 864 1551 923; x_wconf 85' lang='lat' dir='ltr'>napis</span> <span class='ocrx_word' id='word_1_52' title='bbox 1580 862 1636 908; x_wconf 79' lang='lat' dir='ltr'>fit</span> <span class='ocrx_word' id='word_1_53' title='bbox 1663 861 1816 909; x_wconf 91' lang='lat' dir='ltr'>duum</span> 
     </span>
     <span class='ocr_line' id='line_1_9' title="bbox 337 946 1817 1009; baseline 0.001 -15"><span class='ocrx_word' id='word_1_54' title='bbox 337 948 654 994; x_wconf 86' lang='lat' dir='ltr'>denariorum</span> <span class='ocrx_word' id='word_1_55' title='bbox 681 946 905 1009; x_wconf 87' lang='lat' dir='ltr'>pondere</span> <span class='ocrx_word' id='word_1_56' title='bbox 931 949 982 992; x_wconf 92' lang='lat' dir='ltr'>in</span> <span class='ocrx_word' id='word_1_57' title='bbox 1009 950 1252 993; x_wconf 86' lang='lat' dir='ltr'>sextarios</span> <span class='ocrx_word' id='word_1_58' title='bbox 1280 947 1420 993; x_wconf 92' lang='lat' dir='ltr'>binos</span> <span class='ocrx_word' id='word_1_59' title='bbox 1448 951 1600 994; x_wconf 89' lang='lat' dir='ltr'>musti</span> <span class='ocrx_word' id='word_1_60' title='bbox 1628 948 1817 1005; x_wconf 87' lang='lat' dir='ltr'>addito,</span> 
     </span>
     <span class='ocr_line' id='line_1_10' title="bbox 336 1033 1816 1089; baseline 0.002 -9"><span class='ocrx_word' id='word_1_61' title='bbox 336 1037 460 1081; x_wconf 88' lang='lat' dir='ltr'>item</span> <span class='ocrx_word' id='word_1_62' title='bbox 489 1051 517 1080; x_wconf 90' lang='lat' dir='ltr'>e</span> <span class='ocrx_word' id='word_1_63' title='bbox 544 1033 712 1080; x_wconf 90' lang='lat' dir='ltr'>scillae</span> <span class='ocrx_word' id='word_1_64' title='bbox 738 1034 924 1089; x_wconf 85' lang='lat' dir='ltr'>radice,</span> <span class='ocrx_word' id='word_1_65' title='bbox 951 1036 1083 1080; x_wconf 84' lang='lat' dir='ltr'>inter</span> <span class='ocrx_word' id='word_1_66' title='bbox 1110 1033 1253 1080; x_wconf 88' lang='lat' dir='ltr'>flores</span> <span class='ocrx_word' id='word_1_67' title='bbox 1283 1050 1345 1079; x_wconf 86' lang='lat' dir='ltr'>ex</span> <span class='ocrx_word' id='word_1_68' title='bbox 1372 1050 1514 1080; x_wconf 89' lang='lat' dir='ltr'>rosae</span> <span class='ocrx_word' id='word_1_69' title='bbox 1540 1033 1667 1081; x_wconf 91' lang='lat' dir='ltr'>foliis</span> <span class='ocrx_word' id='word_1_70' title='bbox 1693 1039 1816 1083; x_wconf 88' lang='lat' dir='ltr'>tusis</span> 
     </span>
     <span class='ocr_line' id='line_1_11' title="bbox 335 1119 1816 1182; baseline 0.001 -15"><span class='ocrx_word' id='word_1_71' title='bbox 335 1124 387 1167; x_wconf 92' lang='lat' dir='ltr'>in</span> <span class='ocrx_word' id='word_1_72' title='bbox 432 1120 637 1167; x_wconf 86' lang='lat' dir='ltr'>linteolo</span> <span class='ocrx_word' id='word_1_73' title='bbox 676 1123 726 1166; x_wconf 90' lang='lat' dir='ltr'>in</span> <span class='ocrx_word' id='word_1_74' title='bbox 764 1127 987 1166; x_wconf 91' lang='lat' dir='ltr'>mustum</span> <span class='ocrx_word' id='word_1_75' title='bbox 1024 1119 1216 1166; x_wconf 86' lang='lat' dir='ltr'>collatis</span> <span class='ocrx_word' id='word_1_76' title='bbox 1254 1137 1368 1166; x_wconf 91' lang='lat' dir='ltr'>cum</span> <span class='ocrx_word' id='word_1_77' title='bbox 1416 1120 1722 1182; x_wconf 87' lang='lat' dir='ltr'>pondusculo</span> <span class='ocrx_word' id='word_1_78' title='bbox 1760 1130 1816 1169; x_wconf 86' lang='lat' dir='ltr'>ut</span> 
     </span>
     <span class='ocr_line' id='line_1_12' title="bbox 335 1207 1815 1269; baseline 0 -15"><span class='ocrx_word' id='word_1_79' title='bbox 335 1208 484 1263; x_wconf 86' lang='lat' dir='ltr'>sidat,</span> <span class='ocrx_word' id='word_1_80' title='bbox 508 1208 546 1253; x_wconf 67' lang='grc' dir='ltr'>Χ</span> <span class='ocrx_word' id='word_1_81' title='bbox 566 1221 594 1252; x_wconf 82' lang='lat' dir='ltr'>L</span> <span class='ocrx_word' id='word_1_82' title='bbox 607 1207 830 1269; x_wconf 88' lang='lat' dir='ltr'>pondere</span> <span class='ocrx_word' id='word_1_83' title='bbox 849 1209 900 1252; x_wconf 92' lang='lat' dir='ltr'>in</span> <span class='ocrx_word' id='word_1_84' title='bbox 915 1210 1158 1253; x_wconf 87' lang='lat' dir='ltr'>sextarios</span> <span class='ocrx_word' id='word_1_85' title='bbox 1177 1210 1330 1253; x_wconf 91' lang='lat' dir='ltr'>musti</span> <span class='ocrx_word' id='word_1_86' title='bbox 1345 1209 1783 1255; x_wconf 86' lang='lat' dir='ltr'>vicenos—vetant</span> <span class='ocrx_word' id='word_1_87' title='bbox 1796 1209 1815 1239; x_wconf 84' lang='lat'>1</span> 
     </span>
     <span class='ocr_line' id='line_1_13' title="bbox 335 1293 1816 1356; baseline 0.001 -15"><span class='ocrx_word' id='word_1_88' title='bbox 335 1302 454 1341; x_wconf 87' lang='lat' dir='ltr'>ante</span> <span class='ocrx_word' id='word_1_89' title='bbox 482 1301 585 1341; x_wconf 89' lang='lat' dir='ltr'>tres</span> <span class='ocrx_word' id='word_1_90' title='bbox 621 1310 819 1341; x_wconf 88' lang='lat' dir='ltr'>menses</span> <span class='ocrx_word' id='word_1_91' title='bbox 848 1310 933 1341; x_wconf 89' lang='lat' dir='ltr'>vas</span> <span class='ocrx_word' id='word_1_92' title='bbox 969 1293 1253 1356; x_wconf 85' lang='lat' dir='ltr'>aperiri—,2</span> <span class='ocrx_word' id='word_1_93' title='bbox 1281 1295 1406 1340; x_wconf 88' lang='lat' dir='ltr'>item</span> <span class='ocrx_word' id='word_1_94' title='bbox 1442 1293 1597 1340; x_wconf 90' lang='lat' dir='ltr'>nardo</span> <span class='ocrx_word' id='word_1_95' title='bbox 1626 1293 1816 1343; x_wconf 88' lang='lat' dir='ltr'>Gallico</span> 
     </span>
     <span class='ocr_line' id='line_1_14' title="bbox 336 1380 850 1428; baseline -0.004 0"><span class='ocrx_word' id='word_1_96' title='bbox 336 1389 389 1428; x_wconf 84' lang='lat' dir='ltr'>et</span> <span class='ocrx_word' id='word_1_97' title='bbox 413 1381 547 1428; x_wconf 89' lang='lat' dir='ltr'>aliud</span> <span class='ocrx_word' id='word_1_98' title='bbox 571 1397 599 1428; x_wconf 89' lang='lat' dir='ltr'>e</span> <span class='ocrx_word' id='word_1_99' title='bbox 622 1380 850 1428; x_wconf 87' lang='lat' dir='ltr'>silvestri.</span> 
     </span>
    </p>

    <p class='ocr_par' dir='ltr' id='par_1_5' title="bbox 236 1467 1815 1878">
     <span class='ocr_line' id='line_1_15' title="bbox 236 1467 1815 1531; baseline 0.001 -17"><span class='ocrx_word' id='word_1_100' title='bbox 236 1474 313 1514; x_wconf 90' lang='lat'>107</span> <span class='ocrx_word' id='word_1_101' title='bbox 400 1468 724 1514; x_wconf 88' lang='lat' dir='ltr'>Aromatiten</span> <span class='ocrx_word' id='word_1_102' title='bbox 745 1484 944 1531; x_wconf 91' lang='lat' dir='ltr'>quoque</span> <span class='ocrx_word' id='word_1_103' title='bbox 966 1470 1164 1514; x_wconf 84' lang='lat' dir='ltr'>invenio</span> <span class='ocrx_word' id='word_1_104' title='bbox 1184 1467 1474 1514; x_wconf 90' lang='lat' dir='ltr'>factitatum</span> <span class='ocrx_word' id='word_1_105' title='bbox 1494 1474 1696 1515; x_wconf 89' lang='lat' dir='ltr'>tantum</span> <span class='ocrx_word' id='word_1_106' title='bbox 1716 1486 1815 1516; x_wconf 91' lang='lat' dir='ltr'>non</span> 
     </span>
     <span class='ocr_line' id='line_1_16' title="bbox 334 1557 1814 1618; baseline 0.001 -16"><span class='ocrx_word' id='word_1_107' title='bbox 334 1562 707 1618; x_wconf 87' lang='lat' dir='ltr'>unguentorum</span> <span class='ocrx_word' id='word_1_108' title='bbox 759 1557 1136 1617; x_wconf 88' lang='lat' dir='ltr'>compositione,</span> <span class='ocrx_word' id='word_1_109' title='bbox 1189 1557 1350 1617; x_wconf 89' lang='lat' dir='ltr'>primo</span> <span class='ocrx_word' id='word_1_110' title='bbox 1405 1571 1469 1601; x_wconf 86' lang='lat' dir='ltr'>ex</span> <span class='ocrx_word' id='word_1_111' title='bbox 1521 1571 1705 1612; x_wconf 89' lang='lat' dir='ltr'>murra,</span> <span class='ocrx_word' id='word_1_112' title='bbox 1757 1563 1814 1603; x_wconf 85' lang='lat' dir='ltr'>ut</span> 
     </span>
     <span class='ocr_line' id='line_1_17' title="bbox 333 1640 1814 1704; baseline 0 -15"><span class='ocrx_word' id='word_1_113' title='bbox 333 1643 566 1698; x_wconf 84' lang='lat' dir='ltr'>diximus,</span> <span class='ocrx_word' id='word_1_114' title='bbox 603 1658 719 1688; x_wconf 90' lang='lat' dir='ltr'>mox</span> <span class='ocrx_word' id='word_1_115' title='bbox 759 1648 812 1688; x_wconf 89' lang='lat' dir='ltr'>et</span> <span class='ocrx_word' id='word_1_116' title='bbox 849 1641 1005 1688; x_wconf 90' lang='lat' dir='ltr'>nardo</span> <span class='ocrx_word' id='word_1_117' title='bbox 1043 1641 1251 1696; x_wconf 87' lang='lat' dir='ltr'>Celtico,</span> <span class='ocrx_word' id='word_1_118' title='bbox 1287 1640 1499 1697; x_wconf 86' lang='lat' dir='ltr'>calamo,</span> <span class='ocrx_word' id='word_1_119' title='bbox 1537 1641 1814 1704; x_wconf 81' lang='lat' dir='ltr'>aspalatho,</span> 
     </span>
     <span class='ocr_line' id='line_1_18' title="bbox 331 1728 1813 1784; baseline 0 -9"><span class='ocrx_word' id='word_1_120' title='bbox 331 1729 435 1776; x_wconf 88' lang='lat' dir='ltr'>offis</span> <span class='ocrx_word' id='word_1_121' title='bbox 487 1731 538 1774; x_wconf 91' lang='lat' dir='ltr'>in</span> <span class='ocrx_word' id='word_1_122' title='bbox 588 1735 811 1775; x_wconf 87' lang='lat' dir='ltr'>mustum</span> <span class='ocrx_word' id='word_1_123' title='bbox 864 1735 951 1774; x_wconf 82' lang='lat' dir='ltr'>aut</span> <span class='ocrx_word' id='word_1_124' title='bbox 1003 1728 1148 1775; x_wconf 85' lang='lat' dir='ltr'>dulce</span> <span class='ocrx_word' id='word_1_125' title='bbox 1200 1731 1369 1774; x_wconf 86' lang='lat' dir='ltr'>vinum</span> <span class='ocrx_word' id='word_1_126' title='bbox 1420 1728 1646 1784; x_wconf 84' lang='lat' dir='ltr'>deiectis,</span> <span class='ocrx_word' id='word_1_127' title='bbox 1697 1729 1813 1776; x_wconf 85' lang='lat' dir='ltr'>alibi</span> 
     </span>
     <span class='ocr_line' id='line_1_19' title="bbox 331 1814 1813 1878; baseline -0.001 -15"><span class='ocrx_word' id='word_1_128' title='bbox 331 1815 541 1871; x_wconf 91' lang='lat' dir='ltr'>calamo,</span> <span class='ocrx_word' id='word_1_129' title='bbox 577 1818 739 1871; x_wconf 88' lang='lat' dir='ltr'>iuncO,</span> <span class='ocrx_word' id='word_1_130' title='bbox 775 1822 930 1870; x_wconf 88' lang='lat' dir='ltr'>costo,</span> <span class='ocrx_word' id='word_1_131' title='bbox 967 1815 1123 1861; x_wconf 90' lang='lat' dir='ltr'>nardo</span> <span class='ocrx_word' id='word_1_132' title='bbox 1160 1814 1378 1878; x_wconf 86' lang='lat' dir='ltr'>Syriaco,</span> <span class='ocrx_word' id='word_1_133' title='bbox 1414 1831 1629 1871; x_wconf 89' lang='lat' dir='ltr'>amomo,</span> <span class='ocrx_word' id='word_1_134' title='bbox 1664 1819 1813 1872; x_wconf 88' lang='lat' dir='ltr'>casia,</span> 
     </span>
    </p>

    <p class='ocr_par' dir='ltr' id='par_1_6' title="bbox 231 1900 1812 2399">
     <span class='ocr_line' id='line_1_20' title="bbox 231 1900 1812 1965; baseline 0.001 -17"><span class='ocrx_word' id='word_1_135' title='bbox 231 1909 308 1949; x_wconf 85' lang='lat'>108</span> <span class='ocrx_word' id='word_1_136' title='bbox 331 1906 579 1959; x_wconf 87' lang='lat' dir='ltr'>cinnamo,</span> <span class='ocrx_word' id='word_1_137' title='bbox 604 1919 764 1957; x_wconf 90' lang='lat' dir='ltr'>croco,</span> <span class='ocrx_word' id='word_1_138' title='bbox 789 1901 974 1964; x_wconf 86' lang='lat' dir='ltr'>palma,</span> <span class='ocrx_word' id='word_1_139' title='bbox 1001 1918 1159 1957; x_wconf 89' lang='lat' dir='ltr'>asaro,</span> <span class='ocrx_word' id='word_1_140' title='bbox 1185 1900 1413 1948; x_wconf 88' lang='lat' dir='ltr'>similiter</span> <span class='ocrx_word' id='word_1_141' title='bbox 1436 1903 1487 1947; x_wconf 91' lang='lat' dir='ltr'>in</span> <span class='ocrx_word' id='word_1_142' title='bbox 1513 1900 1636 1957; x_wconf 87' lang='lat' dir='ltr'>offa;</span> <span class='ocrx_word' id='word_1_143' title='bbox 1679 1903 1812 1965; x_wconf 88' lang='lat' dir='ltr'>apud</span> 
     </span>
     <span class='ocr_line' id='line_1_21' title="bbox 331 1986 1811 2036; baseline 0.001 -1"><span class='ocrx_word' id='word_1_144' title='bbox 331 1989 451 2036; x_wconf 93' lang='lat' dir='ltr'>alios</span> <span class='ocrx_word' id='word_1_145' title='bbox 493 1989 636 2035; x_wconf 91' lang='lat' dir='ltr'>nardi</span> <span class='ocrx_word' id='word_1_146' title='bbox 679 1992 834 2035; x_wconf 90' lang='lat' dir='ltr'>etiam</span> <span class='ocrx_word' id='word_1_147' title='bbox 877 1995 930 2034; x_wconf 89' lang='lat' dir='ltr'>et</span> <span class='ocrx_word' id='word_1_148' title='bbox 976 1986 1279 2035; x_wconf 90' lang='lat' dir='ltr'>malobathri</span> <span class='ocrx_word' id='word_1_149' title='bbox 1327 1987 1518 2035; x_wconf 88' lang='lat' dir='ltr'>selibris</span> <span class='ocrx_word' id='word_1_150' title='bbox 1563 1991 1614 2034; x_wconf 92' lang='lat' dir='ltr'>in</span> <span class='ocrx_word' id='word_1_151' title='bbox 1659 1992 1811 2036; x_wconf 91' lang='lat' dir='ltr'>musti</span> 
     </span>
     <span class='ocr_line' id='line_1_22' title="bbox 330 2074 1810 2139; baseline 0 -16"><span class='ocrx_word' id='word_1_152' title='bbox 330 2079 531 2139; x_wconf 84' lang='lat' dir='ltr'>congios</span> <span class='ocrx_word' id='word_1_153' title='bbox 557 2075 680 2122; x_wconf 90' lang='lat' dir='ltr'>duos</span> <span class='ocrx_word' id='word_1_154' title='bbox 705 2075 906 2130; x_wconf 88' lang='lat' dir='ltr'>additis,</span> <span class='ocrx_word' id='word_1_155' title='bbox 927 2074 1093 2138; x_wconf 88' lang='lat' dir='ltr'>qualia</span> <span class='ocrx_word' id='word_1_156' title='bbox 1111 2091 1242 2121; x_wconf 92' lang='lat' dir='ltr'>nunc</span> <span class='ocrx_word' id='word_1_157' title='bbox 1264 2091 1464 2137; x_wconf 88' lang='lat' dir='ltr'>quoque</span> <span class='ocrx_word' id='word_1_158' title='bbox 1487 2074 1614 2122; x_wconf 86' lang='lat' dir='ltr'>fiunt</span> <span class='ocrx_word' id='word_1_159' title='bbox 1637 2078 1810 2138; x_wconf 89' lang='lat' dir='ltr'>pipere</span> 
     </span>
     <span class='ocr_line' id='line_1_23' title="bbox 333 2161 1810 2224; baseline 0 -15"><span class='ocrx_word' id='word_1_160' title='bbox 333 2170 386 2210; x_wconf 86' lang='lat' dir='ltr'>et</span> <span class='ocrx_word' id='word_1_161' title='bbox 439 2161 589 2209; x_wconf 87' lang='lat' dir='ltr'>melle</span> <span class='ocrx_word' id='word_1_162' title='bbox 645 2162 818 2208; x_wconf 83' lang='lat' dir='ltr'>addito</span> <span class='ocrx_word' id='word_1_163' title='bbox 871 2178 1001 2224; x_wconf 85' lang='lat' dir='ltr'>quae</span> <span class='ocrx_word' id='word_1_164' title='bbox 1051 2161 1133 2207; x_wconf 91' lang='lat' dir='ltr'>alii</span> <span class='ocrx_word' id='word_1_165' title='bbox 1185 2161 1404 2217; x_wconf 87' lang='lat' dir='ltr'>condita,</span> <span class='ocrx_word' id='word_1_166' title='bbox 1451 2161 1533 2207; x_wconf 90' lang='lat' dir='ltr'>alii</span> <span class='ocrx_word' id='word_1_167' title='bbox 1579 2164 1810 2224; x_wconf 87' lang='lat' dir='ltr'>piperata</span> 
     </span>
     <span class='ocr_line' id='line_1_24' title="bbox 331 2245 1808 2311; baseline 0 -16"><span class='ocrx_word' id='word_1_168' title='bbox 331 2248 604 2311; x_wconf 80' lang='lat' dir='ltr'>appellant.</span> <span class='ocrx_word' id='word_1_169' title='bbox 672 2251 924 2294; x_wconf 87' lang='lat' dir='ltr'>invenitur</span> <span class='ocrx_word' id='word_1_170' title='bbox 961 2255 1013 2294; x_wconf 83' lang='lat' dir='ltr'>et</span> <span class='ocrx_word' id='word_1_171' title='bbox 1056 2251 1328 2294; x_wconf 84' lang='lat' dir='ltr'>nectarites</span> <span class='ocrx_word' id='word_1_172' title='bbox 1368 2264 1430 2294; x_wconf 86' lang='lat' dir='ltr'>ex</span> <span class='ocrx_word' id='word_1_173' title='bbox 1466 2245 1623 2294; x_wconf 86' lang='lat' dir='ltr'>herba</span> <span class='ocrx_word' id='word_1_174' title='bbox 1658 2265 1808 2311; x_wconf 87' lang='lat' dir='ltr'>quam</span> 
     </span>
     <span class='ocr_line' id='line_1_25' title="bbox 331 2333 1807 2399; baseline 0.001 -18"><span class='ocrx_word' id='word_1_175' title='bbox 331 2336 414 2381; x_wconf 90' lang='lat' dir='ltr'>alii</span> <span class='ocrx_word' id='word_1_176' title='bbox 460 2334 710 2391; x_wconf 87' lang='lat' dir='ltr'>helem&#39;on,</span> <span class='ocrx_word' id='word_1_177' title='bbox 760 2335 842 2381; x_wconf 90' lang='lat' dir='ltr'>alii</span> <span class='ocrx_word' id='word_1_178' title='bbox 897 2333 1171 2389; x_wconf 86' lang='lat' dir='ltr'>Medicam,</span> <span class='ocrx_word' id='word_1_179' title='bbox 1219 2334 1301 2380; x_wconf 91' lang='lat' dir='ltr'>alii</span> <span class='ocrx_word' id='word_1_180' title='bbox 1355 2333 1678 2399; x_wconf 87' lang='lat' dir='ltr'>symphyton,</span> <span class='ocrx_word' id='word_1_181' title='bbox 1726 2335 1807 2382; x_wconf 90' lang='lat' dir='ltr'>alii</span> 
     </span>
    </p>
   </div>
   <div class='ocr_carea' id='block_1_3' title="bbox 799 2476 1364 2584">
    <p class='ocr_par' dir='ltr' id='par_1_7' title="bbox 799 2476 1364 2584">
     <span class='ocr_line' id='line_1_26' title="bbox 803 2476 1364 2527; baseline 0.004 -12"><span class='ocrx_word' id='word_1_182' title='bbox 803 2479 817 2502; x_wconf 83' lang='lat'>¹</span> <span class='ocrx_word' id='word_1_183' title='bbox 847 2481 1001 2516; x_wconf 75' lang='lat' dir='ltr'>vetant</span> <span class='ocrx_word' id='word_1_184' title='bbox 1022 2477 1072 2515; x_wconf 83' lang='lat' dir='ltr'><em>M</em></span> <span class='ocrx_word' id='word_1_185' title='bbox 1075 2476 1219 2527; x_wconf 80' lang='lat' dir='ltr'>aylzoff</span> <span class='ocrx_word' id='word_1_186' title='bbox 1233 2492 1241 2516; x_wconf 73' lang='grc' dir='ltr'>ι</span> <span class='ocrx_word' id='word_1_187' title='bbox 1273 2490 1364 2517; x_wconf 86' lang='lat' dir='ltr'>nec.</span> 
     </span>
     <span class='ocr_line' id='line_1_27' title="bbox 799 2531 1235 2584; baseline 0 -13"><span class='ocrx_word' id='word_1_188' title='bbox 799 2531 815 2555; x_wconf 79' lang='lat'><strong>²</strong></span> <span class='ocrx_word' id='word_1_189' title='bbox 851 2531 929 2571; x_wconf 88' lang='lat' dir='ltr'>V.l.</span> <span class='ocrx_word' id='word_1_190' title='bbox 950 2544 1052 2570; x_wconf 82' lang='lat' dir='ltr'>vase</span> <span class='ocrx_word' id='word_1_191' title='bbox 1071 2536 1235 2584; x_wconf 76' lang='lat' dir='ltr'>aperto,</span> 
     </span>
    </p>
   </div>
   <div class='ocr_carea' id='block_1_4' title="bbox 333 2608 422 2669">
    <p class='ocr_par' dir='ltr' id='par_1_8' title="bbox 333 2608 422 2669">
     <span class='ocr_line' id='line_1_28' title="bbox 333 2608 422 2669; baseline -0.011 -15"><span class='ocrx_word' id='word_1_192' title='bbox 333 2608 422 2669; x_wconf 86' lang='lat'>256</span> 
     </span>
    </p>
   </div>
  </div>
 </body>
</html>
