1909 2998
266 493 309 531 31

263 1213 316 1252 32

264 1776 314 1814 33

600 198 844 245 PLINY:
908 197 1236 245 NATURAL
1281 197 1577 246 HISTORY

351 326 469 373 folia
488 326 716 373 cecidere
736 325 901 372 hieme
921 326 1118 372 durans.
1166 328 1394 372 continet
1413 325 1645 372 nucleum
1661 328 1822 390 pineis

351 407 589 461 similem3
625 410 664 453 is
688 409 867 453 crescit
890 405 1075 461 hieme,
1100 409 1323 469 aperitur
1346 422 1477 453 vere.
1535 406 1690 469 pilula
1712 413 1824 453 tota

349 486 485 533 cadit
500 503 614 533 cum
630 485 748 532 folia
762 502 975 550 coepere
991 502 1229 532 crescere.
1296 492 1404 532 tam
1420 485 1674 532 multifera
1690 494 1823 543 sunt,

349 573 428 612 tot
476 583 554 613 res
602 573 806 630 praeter
854 565 1090 629 glandem
1137 568 1340 630 pariunt
1388 566 1582 622 robora,
1632 566 1721 613 sed
1771 574 1823 614 et

350 646 542 693 boletos
575 646 859 709 suillosque,
889 645 1038 709 gulae
1071 649 1335 692 novissima
1365 648 1706 702 inritamenta,
1739 650 1821 710 qui

349 730 478 773 circa
500 726 691 772 radices
716 730 1008 790 gignuntur,
1028 743 1238 789 quercus
1260 726 1651 790 probatissimos,
1674 727 1823 773 robur

350 814 521 853 autem
554 814 606 853 et
637 823 897 870 cupressus
930 813 983 853 et
1012 809 1159 870 pinus
1191 809 1378 853 noxios.
1446 806 1624 853 robora
1655 805 1824 853 ferunt

351 894 403 933 et
420 890 624 943 viscum,
642 893 695 933 et
712 886 861 933 mella
879 893 935 933 ut
954 894 1127 933 auctor
1144 893 1221 933 est
1240 886 1506 943 Hesiodus,
1524 893 1822 950 constatque

349 984 482 1013 rores
510 966 713 1013 melleos
742 984 769 1013 e
796 966 952 1023 caelo,
981 974 1037 1013 ut
1064 967 1296 1023 diximus,
1323 967 1563 1014 cadentes
1591 983 1691 1014 non
1718 967 1823 1014 aliis

349 1050 507 1111 magis
572 1046 787 1093 insidere
853 1046 1109 1093 frondibus
1125 1062 1137 1102 ;
1220 1054 1543 1110 crematoque
1562 1046 1582 1077 1
1647 1047 1823 1094 robore

348 1131 567 1174 cinerem
589 1130 832 1174 nitrosum
856 1144 964 1174 esse
986 1135 1181 1174 certum
1205 1134 1296 1174 est.

412 1207 531 1254 XII.
571 1207 758 1255 Omnes
773 1214 947 1254 tamen
964 1206 1053 1254 has
1074 1210 1178 1254 eius
1194 1207 1338 1254 dotes
1356 1207 1456 1254 ilex
1471 1207 1574 1254 solo
1588 1214 1824 1272 provocat

348 1305 508 1335 cocco.
576 1304 787 1352 granum
823 1286 902 1334 hic
935 1291 1197 1353 primoque
1242 1304 1336 1334 ceu
1381 1288 1570 1335 scabies
1616 1287 1823 1346 fruticis,

347 1384 530 1432 parvae
579 1367 844 1431 aquifoliae
886 1368 1035 1415 ilicis:
1095 1368 1360 1414 scolecium
1379 1368 1397 1397 2
1441 1375 1635 1415 vocant.
1700 1385 1822 1432 pen-

348 1452 539 1495 sionem
569 1449 779 1495 alteram
808 1449 984 1495 tributi
1012 1449 1315 1512 pauperibus
1347 1448 1619 1512 Hispaniae
1649 1448 1821 1496 donat.

351 1546 493 1575 usum
524 1531 628 1575 eius
658 1532 801 1592 grani
831 1536 885 1575 et
914 1531 1162 1575 rationem
1180 1527 1200 1557 ³
1230 1531 1281 1574 in
1310 1527 1536 1592 conchyli
1566 1532 1822 1575 mentione

347 1608 657 1656 tradidimus.
727 1612 950 1672 gignitur
986 1615 1039 1655 et
1074 1612 1126 1654 in
1162 1607 1378 1665 Galatia,
1407 1607 1593 1666 Africa,
1623 1607 1818 1666 Pisidia,

350 1688 535 1745 Cilicia,
558 1692 832 1753 pessimum
857 1692 908 1735 in
933 1688 1174 1736 Sardinia.

410 1768 558 1816 XIII.
599 1769 871 1816 Galliarum
886 1768 1196 1832 glandiferae
1212 1771 1430 1816 maxime
1447 1770 1646 1816 arbores
1667 1773 1824 1833 agari·

347 1865 461 1896 cum
493 1848 689 1904 ferunt3
739 1857 817 1896 est
853 1857 1025 1896 autem
1060 1849 1242 1913 fungus
1278 1849 1535 1906 candidus,
1571 1849 1823 1906 odoratus,

349 1929 586 1976 antidotis
614 1930 805 1986 efficax,
832 1933 883 1976 in
911 1933 1114 1976 summis
1143 1931 1397 1976 arboribus
1427 1946 1651 1986 nascens,
1677 1937 1823 1977 nocte

347 2009 600 2057 relucens:
634 2014 831 2074 signum
849 2009 942 2056 hoc
963 2014 1067 2057 eius
1088 2027 1185 2074 quo
1210 2013 1260 2056 in
1279 2011 1500 2057 tenebris
1519 2010 1821 2074 decerpitur.

495 2119 509 2142 ¹
541 2117 739 2168 Mayhoff
753 2133 762 2157 :
795 2130 978 2168 quoque.

492 2171 507 2194 ²
536 2171 742 2222 Detlessen
761 2171 852 2211 coll.
872 2181 983 2210 XXIV
1004 2172 1028 2210 8
1047 2185 1057 2210 2
1089 2171 1323 2210 cusculium
1343 2176 1415 2210 aut
1435 2171 1681 2212 cuscolium.

491 2224 507 2247 ³
538 2225 589 2263 M
591 2224 735 2276 ayhoff
749 2240 757 2264 :
789 2226 878 2263 eius
898 2225 1137 2276 grationem
1158 2230 1230 2263 aut
1250 2226 1339 2263 eius
1358 2226 1692 2276 generationem.

402 2358 419 2375 ‘¹
448 2351 549 2390 This
572 2352 606 2390 is
627 2352 761 2403 really
780 2352 893 2402 juice
909 2351 1080 2391 exuded
1100 2351 1211 2390 from
1232 2351 1456 2402 ‘green-fly
1469 2350 1479 2366 ’
1495 2363 1550 2390 on
1570 2351 1646 2390 the
1667 2352 1820 2392 leaves.

408 2404 423 2428 ⁶
454 2405 579 2456 Pliny
602 2405 702 2444 here
722 2405 941 2444 describes
966 2404 1041 2444 the
1065 2404 1483 2456 scarleta-producing
1509 2405 1822 2446 hermes-inseet

350 2458 489 2497 which
510 2458 662 2498 infests
682 2458 757 2498 the
778 2457 902 2498 small
923 2458 1104 2506 Quercus
1125 2458 1336 2510 coccifera.

404 2517 419 2536 ⁶
448 2511 484 2550 A
503 2512 660 2563 species
679 2511 728 2551 of
740 2511 984 2551 non-edible
1001 2511 1164 2551 Fames.

345 2589 433 2645 408
