1909 2998
244 342 296 381 96

243 688 294 728 97

243 1210 294 1248 98

241 1818 292 1856 99

582 207 828 254 PLINY:
893 207 1223 254 NATURAL
1267 207 1565 255 HISTORY

395 335 556 380 XXX.
599 335 791 381 Mensis
810 337 1082 398 praecipua
1100 335 1190 380 dos
1208 337 1260 380 in
1278 351 1458 381 venam
1476 338 1647 399 crispis
1661 335 1740 383 vel
1762 339 1812 382 in

328 425 539 468 vertices
554 438 747 485 parvos.
800 421 922 467 illud
940 421 1157 484 oblongo
1174 424 1343 468 evenit
1359 421 1584 468 discursu
1597 422 1813 486 ideoque

327 511 567 571 tigrinum
587 508 887 572 appellatur,
908 507 1000 554 hoc
1022 511 1228 564 intorto,
1249 515 1302 554 et
1321 508 1435 555 ideo
1454 508 1582 555 tales
1599 509 1814 573 panthe-

326 598 464 641 rinae
478 603 733 641 vocantur.
786 603 902 641 sunt
917 602 970 641 et
985 596 1215 641 undatim
1228 598 1437 659 crispae,
1451 599 1637 643 maiore
1651 600 1814 659 gratia

330 685 368 728 si
393 699 644 745 pavonum
668 682 859 728 caudae
885 682 1050 728 oculos
1075 685 1352 728 imitentur.
1420 699 1622 746 magna,
1641 699 1814 730 verum

326 777 440 832 post
466 768 573 825 has,
600 772 766 832 gratia
793 776 938 815 extra
963 770 1250 833 praedictas
1277 772 1448 833 crispis
1475 769 1633 816 densa
1658 770 1813 817 veluti

326 859 468 918 grani
510 860 763 919 congerie,
807 873 930 919 quas
975 857 1039 901 ob
1082 856 1134 902 id
1177 873 1207 901 a
1250 856 1576 903 similitudine
1620 860 1813 920 apiatas

327 950 521 989 vocant.
592 960 786 989 summa
806 960 924 989 vero
946 946 1168 989 omnium
1189 946 1240 989 in
1261 942 1424 989 colore
1443 959 1453 988 :
1493 942 1572 989 hic
1593 946 1813 991 maxime

327 1029 471 1076 mulsi
503 1029 689 1094 placet,
714 1033 838 1076 vinis
873 1033 972 1076 suis
996 1029 1268 1093 refulgens.
1335 1037 1450 1092 post
1482 1029 1608 1077 haec
1641 1030 1814 1095 ampli-

327 1116 451 1163 tudo
474 1124 579 1163 est:
621 1120 722 1162 iam
744 1119 842 1163 toti
863 1110 1096 1163 caudices
1118 1120 1309 1173 iuvant,
1330 1117 1599 1180 pluresque
1622 1120 1674 1163 in
1696 1135 1811 1164 una.

393 1203 606 1250 Mensae
638 1207 760 1249 vitia
790 1204 1122 1267 lignum—ita
1151 1211 1359 1250 vocatur
1388 1207 1633 1251 materiae
1664 1204 1813 1250 surda

327 1297 380 1336 et
418 1290 672 1354 indigesta
709 1291 1000 1354 simplicitas
1040 1298 1128 1337 aut
1165 1290 1357 1354 platani
1396 1289 1627 1337 foliorum
1663 1291 1812 1338 modo

325 1377 541 1440 digesta,
565 1380 690 1424 item
713 1377 898 1440 ilignae
923 1394 1083 1424 venae
1102 1377 1376 1424 similitudo
1399 1377 1479 1424 vel
1501 1378 1813 1434 coloris--et,

327 1465 505 1526 quibus
522 1468 741 1511 maxime
758 1466 998 1511 obnoxias
1014 1464 1181 1511 fecere
1198 1472 1366 1511 aestus
1383 1467 1641 1527 ventique,
1656 1468 1812 1512 rimae

326 1558 415 1597 aut
447 1552 802 1615 capillamenta
840 1554 990 1598 rimas
1030 1554 1257 1606 imitata3
1312 1558 1492 1616 postea
1531 1568 1772 1598 murenae
1792 1551 1812 1581 1

326 1641 467 1701 nigro
484 1646 826 1685 transcurrens
851 1638 1011 1685 limite
1036 1641 1284 1701 variisque
1302 1641 1553 1684 cornicum
1571 1638 1591 1667 2
1613 1641 1812 1702 punctis

326 1725 667 1788 adprehensus
713 1742 1023 1789 papaverum
1069 1725 1221 1771 modo
1237 1725 1257 1754 3
1303 1732 1357 1771 et
1403 1728 1455 1770 in
1493 1732 1660 1771 totum
1701 1732 1812 1772 atro

326 1815 526 1876 propior
566 1812 698 1858 colos
750 1812 1039 1859 maculaeve
1091 1812 1375 1858 discolores.
1444 1812 1626 1857 virides
1676 1819 1811 1858 terra

325 1899 547 1945 condunt
579 1900 778 1945 barbari
813 1906 865 1945 et
898 1899 1114 1945 inlinunt
1147 1916 1279 1954 cera,
1314 1899 1529 1944 artifices
1563 1915 1680 1944 vero
1712 1898 1810 1945 fru-

326 1989 486 2032 menti
506 1990 693 2033 acervis
713 1989 961 2050 inponunt
981 1989 1204 2050 septenis
1225 1986 1402 2032 diebus
1423 1985 1639 2032 totidem
1658 1988 1811 2032 inter-

325 2075 504 2130 missis,
542 2077 823 2135 mirumque
860 2074 1072 2137 ponderi
1111 2080 1356 2135 quantum
1393 2075 1468 2118 ita
1497 2071 1807 2119 detrahatur.

651 2204 665 2227 1
705 2204 746 2241 W
752 2203 1016 2253 arminqton:
1048 2215 1240 2242 murena.

653 2257 668 2279 2
698 2256 922 2295 [lay-doum
941 2273 949 2296 :
982 2258 1189 2295 corticum
1209 2261 1281 2295 aut
1303 2268 1493 2295 coruum.

651 2310 666 2333 ³
704 2309 782 2348 VJ.
804 2310 931 2348 nodo.

838 2524 855 2541 ⁰
884 2517 946 2556 Cf.
970 2516 1118 2564 below,
1141 2518 1230 2568 §99
1249 2516 1318 2554 fin.

334 2596 417 2654 156
