1925 2998
242 717 318 756 245

593 216 838 264 PLINY:
903 215 1234 263 NATURAL
1278 214 1575 262 HISTORY

344 344 558 391 oleastro
613 360 811 406 quoque
867 343 1114 404 deputato
1169 343 1303 405 quod
1356 346 1593 407 gignatur
1646 350 1825 389 vocant

344 417 586 480 phaunos,
613 417 745 479 quod
776 433 892 462 vero
923 419 970 461 in
1002 419 1144 478 spina
1174 416 1378 462 fullonia
1407 415 1825 478 hippophaeston,

343 490 594 537 cauliculis
636 491 881 544 inanibus,
923 489 1049 536 foliis
1091 493 1270 551 parvis,
1311 490 1477 536 radice
1519 489 1648 544 alba,
1687 492 1826 536 cuius

345 581 488 610 sucus
521 564 585 610 ad
615 563 954 609 detractiones
985 566 1035 608 in
1065 562 1304 609 comitiali
1334 563 1507 608 morbo
1537 561 1825 609 utilissimus

346 637 575 684 habetur.

407 709 595 756 XCIII.
635 709 763 756 Visci
785 713 880 756 tria
900 726 1102 773 genera.
1165 727 1382 773 namque
1401 713 1451 756 in
1472 710 1659 766 abiete,
1676 709 1825 757 larice

343 784 492 831 stelin
518 784 639 829 dicit
664 784 913 838 Euboea,¹
939 783 1165 846 hyphear
1191 783 1424 840 Arcadia,
1442 786 1628 830 viscum
1655 790 1825 830 autem

344 861 393 903 in
421 874 623 919 quercu,
649 858 842 912 robore,
868 857 996 912 ilice,
1022 861 1128 919 piro
1154 856 1383 913 silvestri,
1401 855 1709 912 terebintho,
1734 874 1826 904 nec

346 948 446 977 non
483 931 573 977 et2
611 930 716 976 aliis
754 931 1010 976 arboribus
1059 930 1296 993 adgnasci
1337 929 1628 993 plerisque,³
1662 933 1827 992 copio-

345 1007 590 1050 sissimum
615 1007 663 1049 in
688 1021 873 1066 quercu
904 1004 1036 1066 quod
1060 1004 1207 1067 dryos
1230 1002 1492 1067 hyphear4
1514 1010 1708 1050 vocant.
1776 1006 1827 1049 in

346 1081 478 1123 omni
525 1079 700 1123 arbore
747 1085 962 1139 excepta
1006 1077 1117 1123 ilice
1163 1084 1216 1124 et
1262 1094 1449 1139 quercu
1493 1076 1824 1124 differentiam

345 1151 466 1197 facit
485 1154 609 1197 acini
627 1150 646 1178 ⁵
666 1150 787 1196 odor
804 1154 1034 1212 virusque
1053 1158 1106 1196 et
1125 1150 1298 1196 folium
1315 1167 1414 1196 non
1430 1150 1632 1197 iucundi
1647 1150 1827 1206 odoris,

243 1231 321 1270 246
346 1232 558 1286 utroque
583 1227 699 1270 visci
723 1241 891 1269 amaro
915 1231 968 1270 et
991 1224 1143 1270 lent-o.
1216 1223 1443 1287 hyphear
1465 1224 1529 1270 ad
1551 1223 1828 1287 saginanda

244 1671 321 1710 247

345 1314 524 1360 pecora
578 1297 745 1343 utilius
801 1300 923 1343 vicia
946 1298 992 1343 ⁶:
1046 1297 1195 1344 modo
1246 1304 1430 1361 purgat
1481 1300 1658 1360 primo,
1710 1296 1824 1343 dein

345 1371 655 1434 pinguefacit
707 1388 836 1433 quae
889 1370 1127 1417 suffecere
1179 1373 1482 1434 purgationi,
1533 1371 1711 1433 quibus
1762 1373 1827 1417 sit

347 1444 512 1507 aliqua
537 1445 681 1491 tabes
709 1447 841 1490 intus
870 1451 1059 1507 negant
1087 1445 1280 1491 durare.
1351 1461 1411 1490 ea
1437 1443 1674 1490 medendi
1699 1446 1826 1490 ratio

347 1521 552 1565 aestatis
618 1517 950 1581 quadragenis
1016 1518 1208 1564 diebus.
1277 1518 1500 1564 adiciunt
1563 1517 1825 1564 discrimen

347 1594 494 1647 visco,
527 1594 578 1636 in
610 1594 666 1637 iis
690 1591 708 1619 ⁷
743 1608 871 1653 quae
907 1590 1023 1637 folia
1057 1590 1333 1637 amittant8
1367 1598 1420 1637 et
1451 1593 1544 1653 ipsi
1577 1591 1827 1645 decidere,

345 1672 519 1712 contra
561 1664 821 1711 inhaerere
865 1672 984 1711 nato
1026 1667 1077 1710 in
1118 1672 1327 1711 aeterna
1367 1663 1558 1711 fronde.
1627 1667 1827 1710 omnino

348 1746 519 1784 autem
545 1745 709 1784 satum
736 1737 869 1784 nullo
894 1738 1045 1784 modo
1070 1741 1289 1784 nascitur
1314 1755 1406 1784 nec
1431 1741 1523 1784 nisi
1547 1754 1638 1799 per
1662 1737 1827 1783 alvum

349 1815 513 1858 avium
549 1811 820 1866 redditum,
858 1814 1074 1858 maxime
1113 1811 1359 1873 palumbis
1395 1828 1453 1857 ac
1487 1811 1650 1858 turdi:
1703 1810 1827 1857 haee

349 1893 426 1932 est
477 1892 656 1932 natura
708 1892 764 1931 ut
815 1888 906 1931 nisi
958 1892 1266 1931 maturatum
1323 1888 1374 1930 in
1430 1891 1605 1931 ventre
1663 1888 1827 1930 avium

350 1975 446 2005 non
499 1961 775 2020 proveniat.
858 1958 1074 2004 altitudo
1127 1961 1232 2004 eius
1286 1975 1385 2004 non
1438 1958 1641 2004 excedit
1692 1958 1825 2004 cubi-

346 2031 518 2087 talem,
559 2047 758 2093 semper
805 2031 1067 2077 frutectosi
1115 2048 1171 2077 ac
1214 2031 1396 2078 viridis.
1478 2047 1583 2078 mas
1631 2030 1823 2087 fertilis,

686 2156 701 2180 ²
731 2155 1009 2195 Hermolaus:
1041 2155 1218 2195 Euboea
1236 2156 1368 2195 nasei.

683 2210 698 2233 2
727 2223 813 2249 non
834 2214 878 2249 et
896 2208 991 2248 add.
1013 2222 1032 2248 e
1053 2209 1256 2260 Theophr.
1279 2208 1483 2260 Mayhoff.

683 2263 699 2340 ἰ
726 2263 968 2356 &Sys-que?
994 2263 1198 2355 Muelgfilr:
1228 2263 1432 2354 pllerique.
1448 2315 1479 2354 l·

687 2370 703 2393 ⁵
732 2321 1521 2420 a0m3·ad‘{1¹3‘³2-25¹223n0531¹}a232,}{a²“·

686 2423 702 2447 ⁶
739 2424 816 2463 VJ.
838 2424 944 2462 vitia
965 2426 1074 2473 (post
1090 2425 1323 2474 punctum).

687 2478 701 2498 ⁷
731 2477 969 2516 Rackham:
1001 2476 1079 2516 his.

686 2531 701 2555 ⁸
731 2530 981 2572 Caesarius:
1013 2531 1207 2570 mittant.
