1925 2998
199 325 279 364 200

196 836 270 874 201

191 1496 271 1535 202

187 2082 267 2122 203

552 192 796 238 PLINY:
861 191 1191 237 NATURAL
1237 190 1534 237 HISTORY

368 319 685 380 Amplissima
744 320 974 365 arborum
1034 319 1097 364 ad
1150 317 1242 364 hoc
1301 321 1409 364 aevi
1468 321 1783 364 existimatur

305 392 491 437 Romae
514 395 615 438 visa
637 408 788 453 quam
809 399 1015 454 propter
1036 391 1327 437 miraculum
1348 392 1575 437 Tiberius
1598 392 1782 438 Caesar

302 468 352 510 in
384 465 563 510 eodem
594 472 749 526 ponte
781 464 1152 511 naumachiario
1185 471 1486 526 exposuerat
1518 464 1781 511 advectam

302 555 414 583 cum
446 538 638 600 reliqua
669 541 899 594 materie,
923 538 1220 600 duravitque
1258 537 1322 584 ad
1359 537 1568 584 Neronis
1603 540 1782 600 princi-

301 614 376 672 pis
413 610 854 673 amphitheatrum.
924 611 1019 657 fuit
1056 619 1228 657 autem
1263 611 1401 657 trabs
1441 627 1502 657 ea
1544 627 1572 657 e
1614 610 1781 667 larice,

301 684 449 747 longa
483 685 640 746 pedes
676 700 783 740 cxx,
814 684 1033 746 bipedali
1066 684 1393 730 crassitudine
1418 683 1656 746 aequalis,
1683 701 1781 747 quo

301 757 690 820 intellegebatur
733 761 814 804 vix
858 757 1106 804 credibilis
1150 757 1342 819 reliqua
1386 757 1601 803 altitudo
1645 756 1782 803 fasti-

298 834 436 893 gium
450 832 515 877 ad
529 848 769 877 cacumen
783 832 1180 877 aestimantibus.
1250 830 1345 876 fuit
1358 833 1599 877 memoria
1612 838 1782 877 nostra

301 911 353 950 et
371 907 420 949 in
438 905 711 966 porticibus
731 912 1020 966 saeptorum
1039 922 1068 950 a
1089 903 1161 950 M.
1182 905 1409 967 Agrippa
1426 904 1601 950 relicta
1619 921 1780 966 aeque

298 978 520 1024 miraculi
545 995 710 1034 causa,
736 995 866 1040 quae
892 978 1169 1024 diribitorio
1194 977 1527 1039 superfuerat,
1552 993 1614 1023 xx
1642 978 1782 1040 pedi-

298 1051 390 1097 bus
410 1052 621 1106 brevior,
642 1052 978 1113 sesquipedali
998 1051 1342 1097 crassitudine.
1411 1051 1549 1097 abies
1570 1051 1779 1097 admira-

297 1127 446 1170 tionis
475 1128 777 1186 praecipuae
808 1127 912 1171 visa
942 1132 1019 1171 est
1048 1128 1099 1170 in
1129 1141 1255 1171 nave
1287 1141 1416 1186 quae
1447 1141 1510 1171 ex
1541 1125 1780 1188 Aegypto

298 1197 392 1243 Gai
415 1200 649 1260 principis
673 1201 809 1244 iussu
833 1198 1104 1244 obeliscum
1127 1201 1178 1243 in
1202 1198 1446 1243 Vaticano
1469 1200 1598 1244 circo
1621 1205 1780 1244 statu-

296 1278 406 1317 tum
444 1278 782 1334 quattuorque
819 1279 1021 1318 truncos
1057 1271 1236 1333 lapidis
1273 1271 1499 1318 eiusdem
1536 1272 1599 1317 ad
1636 1275 1780 1318 susti-

296 1345 517 1390 nendum
553 1362 667 1391 eum
702 1345 941 1400 adduxit;
992 1361 1091 1407 qua
1124 1362 1250 1391 nave
1284 1344 1407 1391 nihil
1440 1345 1777 1391 admirabilius

297 1421 453 1464 visum
489 1422 539 1463 in
575 1421 698 1464 mari
734 1426 928 1464 certum
965 1426 1057 1464 est.
1125 1416 1215 1465 ffi
1251 1418 1474 1464 modium
1508 1418 1657 1464 lentis
1689 1435 1778 1480 pro

295 1492 499 1537 saburra
527 1494 573 1537 ei
599 1491 768 1538 fuere:
812 1491 1075 1555 longitudo
1103 1494 1321 1553 spatium
1349 1492 1567 1537 obtinuit
1593 1508 1777 1554 magna

295 1581 357 1610 ex
389 1572 532 1626 parte
567 1565 812 1611 Ostiensis
843 1572 1016 1626 portus
1048 1565 1207 1611 latere
1239 1565 1410 1620 laevo;
1458 1566 1525 1611 ibi
1559 1582 1775 1627 namque

294 1638 523 1684 demersa
567 1646 644 1684 est
689 1638 896 1684 Claudio
939 1641 1162 1700 principe
1206 1655 1320 1684 cum
1362 1637 1521 1684 tribus
1565 1638 1776 1685 molibus

293 1714 504 1757 turrium
538 1711 805 1758 altitudine
839 1715 890 1757 in
924 1729 984 1758 ea
1018 1712 1377 1767 exaedificatis,
1412 1711 1557 1758 factis
1577 1712 1595 1740 1
1629 1712 1693 1758 ob
1725 1713 1777 1758 id

293 1786 394 1830 ex2
445 1783 721 1830 Puteolano
770 1785 973 1847 pulvere
1025 1785 1364 1847 advectisque.
1434 1785 1620 1831 arboris
1670 1788 1775 1832 eius

292 1858 567 1904 crassitudo
603 1865 843 1920 quattuor
876 1857 1134 1904 hominum
1170 1858 1310 1904 ulnas
1344 1858 1774 1920 conplectentium

292 1931 562 1992 implebat3
609 1932 858 1994 vulgoque
886 1931 1088 1978 auditur
1113 1928 1233 1978 ᾗ
1259 1948 1520 1977 nummum
1545 1939 1597 1978 et
1621 1932 1773 1994 pluris

291 2005 445 2049 malos
494 2005 769 2050 venundari
818 2005 882 2051 ad
925 2021 1009 2051 eos
1054 2021 1186 2060 usus,
1231 2012 1364 2050 rates
1412 2021 1529 2050 vero
1577 2009 1773 2051 conecti

290 2075 352 2123 ᾗ
392 2081 680 2123 sestertium
713 2078 995 2140 plerasque.
1065 2085 1117 2124 at
1159 2081 1210 2124 in
1252 2079 1490 2140 Aegypto
1534 2094 1591 2124 ac
1633 2077 1774 2142 Syria

290 2167 435 2213 reges
496 2154 664 2212 inopia
725 2152 905 2197 abietis
966 2151 1116 2197 cedro
1182 2152 1245 2197 ad
1304 2151 1484 2197 classes
1544 2150 1773 2198 feruntur

765 2252 780 2274 ¹
809 2251 935 2289 factis
955 2250 1048 2290 add.
1071 2251 1295 2290 Rackham.

761 2304 776 2327 ²
805 2304 1040 2356 Deilessen:
1072 2305 1223 2343 obiter.

339 2456 357 2474 ‘³
385 2450 511 2496 Nero,
543 2451 586 2489 in
617 2451 682 2489 his
713 2451 868 2490 second
902 2451 1162 2502 consulship,
1195 2464 1284 2489 A.D.
1319 2452 1387 2496 59,
1422 2452 1589 2491 erected
1617 2464 1643 2490 a
1673 2456 1770 2492 vast

287 2503 604 2554 amphitheatre
625 2504 672 2542 of
688 2504 822 2551 wood,
845 2517 891 2543 as
911 2517 936 2542 a
957 2510 1204 2556 temporary
1225 2509 1451 2544 structure.

290 2581 377 2639 518
