1909 2998
226 861 278 900 92

565 189 809 237 PLINY:
873 190 1202 237 NATURAL
1246 190 1544 238 HISTORY

310 316 619 363 consularem
652 320 810 363 virum
845 318 1010 363 audivi
1042 316 1226 364 biferas
1260 324 1314 364 et
1345 318 1606 381 iuglandes
1639 335 1791 367 nuces

311 406 495 453 habere
527 423 579 453 se
610 406 950 470 profitentem.
1019 406 1084 453 de
1114 410 1354 470 pistaciis,
1387 414 1440 453 et
1470 410 1577 471 ipso
1609 425 1791 455 nucum

310 513 514 559 genere,
541 499 591 541 in
621 513 708 542 suo
736 495 844 543 loco
873 496 1149 542 retulimus.
1219 503 1271 543 et
1300 495 1425 543 haec
1455 504 1627 544 autem
1654 497 1792 545 idem

311 586 536 632 Vitellius
572 590 622 631 in
661 586 860 632 Italiam
895 589 1083 649 primus
1120 586 1290 633 intulit
1327 587 1508 633 eodem
1543 594 1791 653 tempore,

310 675 553 738 simulque
605 679 656 721 in
710 676 1005 739 Hispaniam
1060 676 1263 722 Flaccus
1318 674 1583 741 Pompeius
1637 694 1790 741 eques

311 766 560 812 Romanus
585 769 669 828 qui
691 782 804 811 cum
828 783 888 812 eo
911 766 1177 812 militabat.

372 854 528 901 XXV.
565 855 729 902 Nuces
776 872 1008 902 vocamus
1057 863 1110 902 et
1159 862 1438 912 castaneas,
1486 873 1791 920 quamquam

309 945 782 992 accommodatiores
841 945 1100 1009 glandium
1154 949 1343 1009 generi.
1413 954 1662 992 armatum
1716 946 1790 994 his

309 1035 540 1082 echinato
573 1036 744 1099 calyce
781 1035 980 1091 vallum,
1016 1036 1150 1099 quod
1184 1035 1474 1082 inchoatum
1507 1036 1790 1099 glandibus,

308 1128 587 1188 mirumque
611 1125 846 1172 vilissima
869 1142 978 1172 esse
1004 1142 1132 1189 quae
1156 1133 1303 1172 tanta
1326 1126 1652 1173 occultaverit
1674 1143 1790 1173 cura

308 1222 533 1262 naturae.
601 1219 721 1262 trini
765 1215 1064 1278 quibusdam
1104 1222 1278 1279 partus
1329 1233 1391 1262 ex
1441 1233 1540 1262 uno
1589 1216 1789 1280 calyce;

310 1313 583 1368 cortexque
608 1305 792 1361 lentus,
814 1308 1044 1369 proxima
1067 1322 1183 1352 vero
1205 1308 1399 1368 corpori
1422 1306 1715 1352 membrana
1737 1313 1791 1353 et

307 1397 357 1439 in
381 1394 454 1440 his
480 1402 532 1441 et
562 1398 614 1441 in
643 1396 851 1441 nucibus
881 1412 1128 1459 saporem,
1153 1398 1203 1441 ni
1228 1394 1541 1451 detrahatur,
1565 1394 1787 1442 infestat.

306 1491 495 1531 torrere
542 1483 630 1532 has
677 1488 728 1531 in
774 1486 894 1531 cibis
940 1488 1150 1548 gratius,
1192 1485 1342 1531 modo
1388 1484 1680 1541 molantur,1
1738 1493 1790 1532 et

305 1582 566 1637 praestant
618 1577 804 1621 ieiunio
857 1574 1158 1621 feminarum
1212 1575 1466 1638 quandam
1518 1577 1789 1638 imaginem

224 1670 275 1709 93
302 1667 458 1726 panis.
527 1664 762 1710 Sardibus
792 1664 887 1711 hae
916 1681 1192 1728 provenere
1220 1667 1466 1728 primum:
1512 1664 1627 1711 ideo
1656 1665 1790 1728 apud

223 2212 275 2248 94

308 1754 524 1800 Graecos
549 1753 813 1801 Sardianos
837 1755 1042 1801 balanos
1067 1755 1342 1819 appellant,
1366 1771 1483 1800 nam
1508 1755 1630 1801 Dios
1655 1754 1788 1801 bala·

307 1861 373 1890 nu
415 1845 637 1890 nomen2
673 1851 852 1908 postea
893 1848 1157 1908 inposuere
1200 1844 1638 1891 excellentioribus
1676 1852 1788 1892 satu

307 1933 465 1980 factis.
534 1951 664 1980 nunc
678 1935 821 1998 plura
837 1951 1009 1980 earum
1023 1951 1228 1998 genera.
1296 1934 1601 1981 Tarentinae
1617 1933 1788 1981 faciles

306 2041 397 2069 nec
439 2041 679 2088 operosae
722 2025 850 2080 cibo,
891 2024 1072 2088 planae
1118 2024 1290 2087 figura.
1358 2024 1618 2071 rotundior
1659 2041 1787 2088 quae

305 2114 536 2159 balanitis
570 2121 792 2170 vocatur,
823 2114 1097 2178 purgabilis
1129 2117 1349 2160 maxime
1382 2121 1436 2160 et
1466 2121 1647 2177 sponte
1678 2131 1788 2178 pro-

303 2203 467 2249 siliens
488 2221 627 2267 pura.
690 2204 840 2268 plana
863 2211 939 2250 est
964 2211 1017 2251 et
1040 2204 1311 2260 Salariana,
1333 2204 1604 2250 Tarentina
1626 2206 1787 2250 minus

305 2294 592 2341 tractabilis.
661 2294 911 2340 laudatior
943 2294 1223 2340 Corelliana
1255 2301 1307 2340 et
1339 2311 1401 2340 ex
1433 2311 1494 2341 ea
1524 2292 1659 2340 facta
1690 2311 1788 2357 quo

563 2442 577 2465 ¹
610 2441 660 2479 M
662 2441 806 2491 aylzoff
821 2456 829 2480 :
860 2442 1024 2491 gratius
1046 2441 1294 2480 modulatur
1314 2446 1385 2480 aut
1405 2441 1505 2480 alia.

561 2495 576 2517 ²
607 2494 827 2546 Mayhoff:
862 2495 966 2534 Dios
987 2494 1204 2534 balanum.

309 2584 395 2629 352
