1909 2998
575 182 820 229 PLINY:
883 181 1214 228 NATURAL
1259 181 1556 230 HISTORY

320 310 572 366 lacrimae,
593 309 813 356 secunda
833 312 1028 365 semini,
1047 312 1201 356 tertia
1219 313 1409 366 cortici,
1427 313 1634 356 minima
1651 310 1802 375 ligno.

220 404 298 444 119
318 415 379 444 ex
399 397 491 443 hoc
509 398 759 443 buxosum
779 403 855 443 est
874 399 1139 460 optimum,
1158 396 1292 458 quod
1312 403 1365 443 et
1385 396 1806 454 odoratissimum,

321 501 348 531 e
403 488 593 531 semine
650 491 822 530 autem
877 486 1152 529 maximum
1208 490 1261 529 et
1314 483 1805 547 ponderosissimum,

320 571 552 618 mordens
619 578 772 633 gustu
838 569 1137 632 fervensque
1204 573 1256 615 in
1322 587 1423 617 ore.
1492 570 1807 619 adulteratur

320 657 535 705 Petraeo
592 657 847 722 hyperico,
905 657 1039 720 quod
1095 660 1383 721 coarguitur
1438 658 1805 721 magnitudine,

318 749 584 801 inanitate,
609 744 943 809 longitudine,
970 744 1133 791 odoris
1159 747 1374 808 ignavia,
1401 762 1577 810 sapore
1601 748 1802 810 piperis.

218 840 295 879 120
314 833 547 879 lacrimae
580 833 830 896 probatio,
863 836 920 877 ut
953 835 1017 878 sit
1050 847 1078 877 e
1111 835 1286 895 pingui
1319 835 1486 879 tenuis
1519 849 1576 879 ac
1608 833 1803 880 modice

315 920 426 966 rufa
444 928 498 966 et
515 922 565 965 in
584 918 806 966 fricando
825 918 1020 966 odora.1
1090 919 1311 965 secunda
1328 919 1527 966 candidi
1547 918 1568 949 ²
1591 920 1804 978 coloris,³

314 1010 455 1072 peior
490 1007 657 1053 viridis
693 1022 1004 1070 crassusque,
1043 1009 1288 1068 pessimus
1326 1009 1486 1070 niger,
1523 1010 1709 1072 quippe
1746 1015 1803 1055 ut

316 1095 481 1142 oleum
510 1097 742 1141 senescit.
812 1109 875 1140 ex
906 1097 1041 1139 omni
1070 1096 1285 1140 incisura
1314 1096 1534 1140 maxime
1561 1094 1803 1158 probatur

315 1182 449 1244 quod
471 1189 591 1228 ante
616 1198 791 1228 semen
814 1180 976 1227 fluxit.
1040 1188 1093 1227 et
1122 1180 1242 1227 alias
1263 1180 1579 1227 adulteratur
1599 1184 1801 1228 seminis

315 1286 449 1325 suco,
485 1271 669 1331 vixque
706 1267 1007 1314 maleficium
1044 1267 1444 1332 deprehenditur
1479 1275 1633 1331 gustu
1668 1284 1802 1314 ama-

313 1359 469 1410 riore;
522 1372 630 1402 esse
666 1358 799 1402 enim
833 1355 990 1402 debet
1022 1355 1166 1411 lenis,
1199 1372 1299 1401 non
1332 1354 1616 1411 subacidus,
1649 1355 1799 1402 odore

215 1450 287 1488 121
310 1450 511 1490 tantum
569 1450 813 1489 austerus.
882 1445 1090 1489 vitiatur
1148 1449 1201 1488 et
1258 1441 1369 1488 oleo
1426 1458 1587 1498 rosae,
1644 1445 1799 1507 cypri,

311 1530 525 1585 lentisci,
566 1529 750 1586 balani,
792 1528 1087 1584 terebinthi,
1130 1531 1301 1592 myrti,
1342 1531 1524 1584 resina,
1566 1529 1800 1593 galbano,

311 1634 427 1664 cera
443 1617 644 1681 Cypria,
658 1624 809 1681 prout
826 1633 1058 1679 quaeque
1076 1633 1154 1663 res
1171 1615 1285 1672 fuit,
1302 1619 1606 1679 nequissime
1625 1624 1798 1663 autem

311 1707 513 1760 cummi,
543 1707 778 1767 quoniam
807 1707 990 1750 arescit
1017 1706 1068 1749 in
1097 1720 1250 1749 manu
1278 1706 1475 1750 inversa
1503 1710 1557 1750 et
1586 1706 1637 1749 in
1667 1720 1798 1766 aqua

211 1798 288 1836 122
306 1792 441 1847 sidit,
464 1808 593 1854 quae
613 1792 846 1854 probatio
868 1793 974 1837 eius
995 1793 1199 1854 gemina
1222 1797 1327 1836 est:
1369 1789 1527 1837 debet
1549 1793 1798 1837 sincerum

312 1881 436 1925 item
489 1877 756 1935 arescere,¹²
809 1877 899 1924 sed
958 1876 1051 1924 hoc
1104 1879 1288 1924 cummi
1349 1876 1523 1923 addita
1581 1876 1758 1940 fragile
1777 1876 1798 1906 ⁵

310 1973 478 2012 crusta
529 1967 712 2012 evenit.
782 1972 835 2011 et
885 1971 1038 2028 gustu
1088 1963 1514 2028 deprehenditur;
1580 1964 1796 2011 carbone

311 2069 428 2099 vero
461 2051 595 2115 quod
627 2068 744 2098 cera
776 2055 1042 2114 resinaque
1077 2051 1419 2098 adulteratum
1453 2057 1547 2106 est,
1580 2053 1795 2114 nigriore

311 2138 527 2185 flamma.
595 2155 711 2184 nam
740 2138 888 2184 melle
918 2145 1146 2184 mutatur
1174 2140 1376 2184 statim:
1423 2140 1474 2183 in
1501 2154 1654 2184 manu
1680 2152 1795 2184 con-

211 2233 286 2271 123
307 2225 461 2272 trahit
489 2242 699 2271 muscas.
767 2232 1036 2288 praeterea
1065 2227 1245 2271 sinceri
1273 2224 1515 2270 densatur
1542 2227 1593 2270 in
1619 2224 1795 2289 tepida

395 2346 410 2370 ¹
447 2346 524 2385 VJ.
546 2345 740 2385 odorata.
1135 2345 1151 2369 ²
1191 2344 1265 2383 VJ.
1289 2344 1509 2383 candidus.

396 2399 412 2422 ³
443 2398 639 2449 Mayhoss
653 2414 662 2438 z
694 2399 820 2438 colos.

396 2454 414 2529 ἒ
441 2454 784 2558 ἰὲεἷῃῑῗὲἓῗθτθῖ
817 2451 1014 2503 Mayhoff
1028 2467 1037 2491 z
1069 2452 1302 2491 inarescere
1322 2456 1394 2490 aut
1415 2463 1686 2492 marcescere.

313 2585 372 2637 84
