1909 2998
528 213 771 260 PLINY:
836 213 1164 259 NATURAL
1210 212 1507 259 HISTORY

275 342 393 387 dum
450 340 635 386 blanda
690 343 958 385 inveterati
1012 343 1187 395 caries,
1243 339 1353 385 oleo
1408 339 1566 386 noluit
1621 343 1754 401 parci

226 445 249 479 ὅ
273 435 493 495 fecitque
517 450 575 479 ea
598 436 902 479 necessitate
923 435 1256 494 promiscuum
1280 439 1332 478 et
1353 432 1512 495 volgo.
1580 436 1756 494 princi-

276 535 451 588 patum
496 530 546 572 in
584 525 677 572 hoc
720 542 919 588 quoque
959 526 1090 571 bono
1129 528 1347 587 optinuit
1393 525 1543 571 Italia
1581 541 1609 571 e
1646 533 1756 572 toto

276 621 414 674 orbe,
448 623 668 665 maxime
705 636 823 682 agro
861 618 1145 665 Venafrano
1186 621 1392 681 eiusque
1439 625 1584 680 parte
1627 635 1756 681 quae

278 713 588 759 Licinianum
627 712 792 758 fundit
828 712 1011 767 oleum,
1059 711 1193 758 unde
1240 719 1293 758 et
1336 711 1556 758 Liciniae
1602 711 1758 775 gloria

278 810 545 868 praecipua
593 806 768 851 olivae.
830 813 1091 868 unguenta
1133 804 1260 851 hanc
1308 805 1531 867 palmam
1571 805 1757 852 dedere

276 899 652 946 accommodato
692 902 808 961 ipsis
850 898 1019 954 odore,
1050 898 1193 944 dedit
1225 905 1277 945 et
1312 898 1542 960 palatum
1576 898 1759 945 delica-

276 997 404 1040 tiore
432 997 702 1040 sententia.
770 992 834 1038 de
865 1000 1035 1039 cetero
1066 993 1215 1039 bacas
1246 991 1467 1038 Liciniae
1495 991 1631 1038 nulla
1657 996 1758 1039 avis

277 1087 489 1148 adpetit.
557 1086 762 1132 relicum
791 1093 1051 1132 certamen
1078 1089 1211 1132 inter
1240 1085 1461 1132 Histriae
1488 1093 1677 1132 terram
1707 1093 1759 1132 et

278 1180 514 1226 Baeticae
554 1196 645 1243 par
687 1187 792 1234 est3
851 1187 1021 1226 cetero
1063 1179 1168 1225 fere
1212 1182 1370 1225 vicina
1410 1179 1609 1226 bonitas
1650 1196 1760 1241 pro-

278 1277 446 1320 vinciis
495 1280 709 1336 excepto
757 1273 958 1319 Africae
1006 1272 1248 1336 frugifero
1294 1272 1412 1319 solo.
1493 1272 1663 1319 Cereri
1709 1273 1759 1319 id

276 1375 442 1414 totum
466 1367 485 1396 1
525 1375 706 1413 natura
745 1370 1006 1422 concessit,
1047 1366 1211 1412 oleum
1253 1383 1310 1412 ac
1351 1369 1518 1412 vinum
1557 1374 1759 1412 tantum

278 1478 377 1507 non
400 1459 617 1516 invidit,2
639 1465 863 1523 satisque
887 1461 1076 1523 gloriae
1108 1463 1159 1506 in
1192 1460 1434 1506 messibus
1468 1459 1604 1507 fecit.
1686 1477 1760 1506 re-

278 1555 413 1617 liqua
478 1558 653 1601 erroris
706 1554 873 1616 plena,
926 1570 1077 1617 quem
1128 1557 1179 1599 in
1230 1552 1364 1599 nulla
1415 1561 1560 1615 parte
1627 1557 1760 1601 vitae

278 1652 669 1694 numerosiorem
695 1664 802 1694 esse
828 1647 1133 1694 docebimus.

227 1749 251 1786 9
339 1741 483 1787 Oliva
512 1749 710 1788 constat
747 1741 940 1796 nucleo,
966 1741 1093 1795 ole0‚
1117 1757 1284 1796 carne,
1309 1757 1527 1788 amurca.
1597 1745 1759 1788 sanies

279 1834 402 1882 haec
439 1844 515 1882 est
548 1840 652 1882 eius
689 1850 888 1890 amara3
926 1835 981 1881 fit
1018 1851 1079 1881 ex
1117 1839 1275 1897 aquis,
1306 1835 1421 1881 ideo
1451 1836 1759 1881 siccitatibus

280 1932 502 1985 minima,
547 1933 697 1992 riguis
740 1933 955 1991 copiosa.
1024 1946 1139 1975 suus
1178 1928 1381 1991 quidem
1415 1928 1574 1974 olivae
1615 1945 1759 1975 sucus

279 2023 444 2069 oleum
488 2031 581 2078 est,
630 2023 781 2086 idque
823 2026 1093 2085 praecipue
1137 2039 1199 2069 ex
1251 2025 1512 2069 inmaturis
1565 2021 1759 2068 intelle-

279 2119 431 2178 gitur,
457 2121 585 2163 sicut
611 2120 661 2162 in
677 2117 696 2145 3
722 2116 985 2178 omphacio
1012 2116 1286 2162 docuimus.
1355 2123 1570 2178 augetur
1595 2116 1758 2162 oleum

636 2233 649 2256 1
684 2231 866 2270 Mueller
885 2246 893 2270 ε
923 2235 1068 2270 totum
1089 2236 1161 2269 aut
1181 2236 1323 2269 totum
1345 2231 1401 2270 id.

637 2286 651 2309 2
681 2285 807 2333 Silliy
826 2299 834 2323 ε
867 2297 953 2323 non
974 2285 1131 2323 invidit
1150 2289 1339 2323 tantum.

632 2339 647 2361 ³
677 2339 719 2376 in
741 2337 834 2377 add.
859 2338 1057 2388 Mayhoff
1073 2339 1143 2387 (de
1163 2338 1273 2386 alii).

605 2518 623 2537 ⁰
652 2513 710 2552 As
733 2513 822 2551 wel]
846 2527 892 2552 as
914 2513 988 2552 the
1009 2526 1152 2564 grape,
1174 2527 1244 2553 see
1264 2513 1384 2553 XIV.
1406 2514 1444 2553 8.

287 2607 371 2649 292
