1909 2998
245 898 297 936 69

243 1840 294 1878 70

583 201 791 248 PLINY
817 218 827 247 :
892 201 1223 248 NATURAL
1267 201 1566 248 HISTORY

328 331 406 374 cui
444 328 577 374 nulla
612 328 910 392 praefertur.
981 329 1044 374 ab
1080 327 1173 373 hac
1209 331 1387 384 sativa,
1424 336 1478 375 et
1513 331 1565 374 in
1601 328 1815 376 silvestri

328 439 527 484 quoque
545 422 736 478 melior,
754 425 959 468 aestiva.
1029 438 1128 468 non
1147 421 1272 468 dant
1292 438 1354 468 ex
1374 439 1542 468 murra
1558 425 1816 486 portiones

327 515 441 571 deo,
481 519 716 578 quoniam
757 523 810 562 et
850 515 984 578 apud
1025 515 1145 561 alios
1186 518 1435 570 nascitur;
1493 519 1602 580 regi
1641 523 1816 563 tamen

328 608 727 655 Gebbanitarum
757 617 961 672 quartas
989 617 1161 672 partes
1191 613 1296 655 eius
1325 609 1573 673 pendunt.
1642 617 1814 657 cetero

325 706 510 767 passim
563 720 592 749 a
643 702 792 765 vulgo
844 710 1131 767 coemptam
1183 706 1235 749 in
1288 702 1431 750 folles
1484 703 1815 761 conferciunt,

326 800 583 860 nostrique
652 800 974 860 unguentarii
1041 796 1280 860 digerunt
1347 796 1483 843 haud
1550 797 1817 845 difficulter

328 891 490 937 odoris
522 899 676 954 atque
710 891 1031 955 pinguedinis
1063 894 1389 954 argumentis
1458 908 1648 955 genera
1682 909 1816 939 com-

326 985 496 1049 plura:
582 985 922 1048 Trogodytica
987 984 1289 1032 silvestrium
1353 988 1534 1049 prima,
1599 1002 1814 1050 sequens

330 1078 553 1135 Minaea,
578 1083 628 1125 in
655 1096 754 1142 qua
780 1087 833 1126 et
858 1080 1187 1126 Astramitica
1214 1086 1292 1126 est
1318 1087 1371 1126 et
1399 1079 1738 1127 Gebbanitica
1763 1088 1816 1128 et

325 1173 572 1220 Ausaritis
642 1173 1043 1220 Gebbanitarum
1109 1190 1284 1236 regno,
1352 1177 1509 1220 tertia
1576 1174 1815 1232 Dianitis,

326 1275 506 1330 quarta
529 1267 794 1324 collaticia,
821 1271 997 1331 quinta
1022 1267 1360 1314 Sambracena
1385 1284 1415 1314 a
1439 1271 1647 1315 civitate
1672 1272 1815 1332 regni

326 1360 632 1408 Sabaeorum
681 1365 806 1408 mari
853 1365 1099 1426 proxima,
1147 1369 1295 1408 sexta
1344 1379 1496 1425 quam
1546 1362 1815 1409 Dusiritim

326 1463 521 1502 vocant.
591 1463 669 1503 est
708 1464 761 1503 et
797 1456 1014 1503 candida
1051 1473 1150 1502 uno
1187 1463 1390 1502 tantum
1428 1456 1554 1513 loco,
1594 1473 1724 1519 quae
1762 1460 1814 1503 in

330 1549 580 1596 Mesalum
604 1550 844 1616 oppidum
864 1549 1135 1596 confertur.
1203 1550 1447 1614 probatur
1470 1550 1813 1614 Trogodytica

325 1644 633 1708 pinguedine
671 1652 724 1691 et
763 1644 897 1708 quod
935 1651 1144 1708 aspectu
1181 1644 1364 1690 aridior
1403 1651 1480 1690 est
1510 1644 1812 1708 sordidaque

326 1755 383 1784 ac
417 1739 630 1784 barbara
664 1739 754 1785 sed
790 1742 946 1785 acrior
980 1741 1177 1785 ceteris.
1247 1737 1584 1785 Sambracena
1616 1739 1814 1802 praedi-

325 1840 469 1878 catur
494 1833 512 1862 1
564 1840 683 1880 ante
736 1832 856 1879 alias
907 1832 1093 1889 hilaris,
1144 1832 1235 1878 sed
1286 1833 1470 1878 viribus
1507 1836 1690 1879 tenuis.
1761 1836 1813 1879 in

324 1926 529 1990 plenum
563 1935 736 1974 autem
767 1928 999 1990 probatio
1033 1934 1111 1974 est
1144 1929 1350 1972 minutis
1383 1927 1576 1989 glaebis
1609 1943 1703 1973 nec
1736 1944 1812 1973 ro-

325 2021 494 2068 tundis
541 2024 591 2066 in
637 2029 875 2067 concretu
923 2021 1184 2067 albicantis
1232 2024 1337 2066 suci
1385 2028 1437 2066 et
1485 2021 1812 2078 tabescentis,

327 2123 482 2178 utque
517 2114 677 2161 fracta
707 2115 945 2161 candidos
979 2132 1172 2178 ungues
1205 2113 1410 2170 habeat,
1443 2122 1596 2177 gustu
1627 2114 1813 2161 leniter

327 2225 509 2255 amara.
578 2209 799 2255 secunda
826 2210 1025 2255 bonitas
1054 2212 1188 2254 intus
1218 2211 1403 2264 variae,
1432 2211 1651 2272 pessima
1680 2225 1810 2272 quae

326 2305 459 2348 intus
482 2306 641 2366 nigra,
662 2306 803 2366 peior
825 2306 865 2349 si
888 2306 1043 2349 etiam
1066 2302 1198 2348 foris.

389 2458 403 2481 ¹
432 2457 502 2496 Sic
543 2458 602 2497 vel
640 2458 870 2508 praedietis
914 2455 1057 2510 <caret
1097 2455 1239 2510 vitiis>
1289 2457 1507 2510 Detlefsen:
1579 2458 1808 2508 praedictis

333 2511 571 2562 (praedicta
593 2511 820 2561 illayhoff).

332 2611 388 2656 50
