<?xml version="1.0" encoding="UTF-8"?>
<!DOCTYPE html PUBLIC "-//W3C//DTD XHTML 1.0 Transitional//EN"
    "http://www.w3.org/TR/xhtml1/DTD/xhtml1-transitional.dtd">
<html xmlns="http://www.w3.org/1999/xhtml" xml:lang="en" lang="en">
 <head>
  <title>
</title>
<meta http-equiv="Content-Type" content="text/html;charset=utf-8" />
  <meta name='ocr-system' content='tesseract 3.04.00' />
  <meta name='ocr-capabilities' content='ocr_page ocr_carea ocr_par ocr_line ocrx_word'/>
</head>
<body>
  <div class='ocr_page' id='page_1' title='image "./naturalhistory04plinuoft/naturalhistory04plinuoft_0378.png"; bbox 0 0 1909 2998; ppageno 0'>
   <div class='ocr_carea' id='block_1_1' title="bbox 590 186 1574 234">
    <p class='ocr_par' dir='ltr' id='par_1_1' title="bbox 590 186 1574 234">
     <span class='ocr_line' id='line_1_1' title="bbox 590 186 1574 234; baseline -0.002 0"><span class='ocrx_word' id='word_1_1' title='bbox 590 188 834 234; x_wconf 83' lang='lat' dir='ltr'>PLINY:</span> <span class='ocrx_word' id='word_1_2' title='bbox 900 186 1231 233; x_wconf 86' lang='lat' dir='ltr'>NATURAL</span> <span class='ocrx_word' id='word_1_3' title='bbox 1276 186 1574 233; x_wconf 85' lang='lat' dir='ltr'>HISTORY</span> 
     </span>
    </p>
   </div>
   <div class='ocr_carea' id='block_1_2' title="bbox 243 314 1825 2287">
    <p class='ocr_par' dir='ltr' id='par_1_2' title="bbox 340 314 1825 838">
     <span class='ocr_line' id='line_1_2' title="bbox 340 314 1823 378; baseline 0 -17"><span class='ocrx_word' id='word_1_4' title='bbox 340 318 503 378; x_wconf 89' lang='lat' dir='ltr'>ipsum</span> <span class='ocrx_word' id='word_1_5' title='bbox 525 318 574 360; x_wconf 90' lang='lat' dir='ltr'>in</span> <span class='ocrx_word' id='word_1_6' title='bbox 597 332 689 361; x_wconf 89' lang='lat' dir='ltr'>usu</span> <span class='ocrx_word' id='word_1_7' title='bbox 709 322 761 361; x_wconf 87' lang='lat' dir='ltr'>et</span> <span class='ocrx_word' id='word_1_8' title='bbox 783 318 917 377; x_wconf 88' lang='lat' dir='ltr'><strong>pomi</strong></span> <span class='ocrx_word' id='word_1_9' title='bbox 940 317 1065 369; x_wconf 93' lang='lat' dir='ltr'>vice,</span> <span class='ocrx_word' id='word_1_10' title='bbox 1088 321 1145 359; x_wconf 87' lang='lat' dir='ltr'>ut</span> <span class='ocrx_word' id='word_1_11' title='bbox 1167 314 1310 359; x_wconf 87' lang='lat' dir='ltr'>cuci1</span> <span class='ocrx_word' id='word_1_12' title='bbox 1335 331 1487 377; x_wconf 89' lang='lat' dir='ltr'>quam</span> <span class='ocrx_word' id='word_1_13' title='bbox 1510 317 1560 359; x_wconf 90' lang='lat' dir='ltr'>in</span> <span class='ocrx_word' id='word_1_14' title='bbox 1583 315 1823 378; x_wconf 88' lang='lat' dir='ltr'>Aegypto</span> 
     </span>
     <span class='ocr_line' id='line_1_3' title="bbox 341 391 1821 454; baseline -0.001 -16"><span class='ocrx_word' id='word_1_15' title='bbox 341 392 571 438; x_wconf 85' lang='lat' dir='ltr'><strong>diximus.</strong></span> <span class='ocrx_word' id='word_1_16' title='bbox 641 391 953 454; x_wconf 87' lang='lat' dir='ltr'>quorundam</span> <span class='ocrx_word' id='word_1_17' title='bbox 986 397 1129 436; x_wconf 84' lang='lat' dir='ltr'>extra</span> <span class='ocrx_word' id='word_1_18' title='bbox 1159 393 1483 453; x_wconf 88' lang='lat' dir='ltr'>geminantur</span> <span class='ocrx_word' id='word_1_19' title='bbox 1513 393 1651 447; x_wconf 89' lang='lat' dir='ltr'>vitia,</span> <span class='ocrx_word' id='word_1_20' title='bbox 1683 398 1739 437; x_wconf 90' lang='lat' dir='ltr'>ut</span> <span class='ocrx_word' id='word_1_21' title='bbox 1770 394 1821 436; x_wconf 87' lang='lat' dir='ltr'>in</span> 
     </span>
     <span class='ocr_line' id='line_1_4' title="bbox 340 467 1818 531; baseline 0 -17"><span class='ocrx_word' id='word_1_22' title='bbox 340 471 586 514; x_wconf 76' lang='lat' dir='ltr'>castaneis</span> <span class='ocrx_word' id='word_1_23' title='bbox 652 475 705 514; x_wconf 93' lang='lat' dir='ltr'>et</span> <span class='ocrx_word' id='word_1_24' title='bbox 770 467 1047 531; x_wconf 81' lang='lat' dir='ltr'>amygdalis</span> <span class='ocrx_word' id='word_1_25' title='bbox 1112 467 1421 529; x_wconf 87' lang='lat' dir='ltr'>nucibusque</span> <span class='ocrx_word' id='word_1_26' title='bbox 1486 467 1818 530; x_wconf 84' lang='lat' dir='ltr'>iuglandibus.</span> 
     </span>
     <span class='ocr_line' id='line_1_5' title="bbox 342 543 1821 607; baseline -0.001 -17"><span class='ocrx_word' id='word_1_27' title='bbox 342 545 654 607; x_wconf 90' lang='lat' dir='ltr'>quorundam</span> <span class='ocrx_word' id='word_1_28' title='bbox 688 552 867 590; x_wconf 85' lang='lat' dir='ltr'>natura</span> <span class='ocrx_word' id='word_1_29' title='bbox 900 546 1202 606; x_wconf 87' lang='lat' dir='ltr'>trigemina:</span> <span class='ocrx_word' id='word_1_30' title='bbox 1245 560 1423 606; x_wconf 88' lang='lat' dir='ltr'>corpus</span> <span class='ocrx_word' id='word_1_31' title='bbox 1461 550 1555 599; x_wconf 88' lang='lat' dir='ltr'>est,</span> <span class='ocrx_word' id='word_1_32' title='bbox 1585 543 1704 590; x_wconf 91' lang='lat' dir='ltr'>dein</span> <span class='ocrx_word' id='word_1_33' title='bbox 1731 544 1821 607; x_wconf 86' lang='lat' dir='ltr'>lig-</span> 
     </span>
     <span class='ocr_line' id='line_1_6' title="bbox 342 618 1821 684; baseline 0 -18"><span class='ocrx_word' id='word_1_34' title='bbox 342 638 461 667; x_wconf 89' lang='lat' dir='ltr'>num</span> <span class='ocrx_word' id='word_1_35' title='bbox 486 638 750 684; x_wconf 79' lang='lat' dir='ltr'>rursusque</span> <span class='ocrx_word' id='word_1_36' title='bbox 777 637 951 667; x_wconf 89' lang='lat' dir='ltr'>semen</span> <span class='ocrx_word' id='word_1_37' title='bbox 974 623 1025 666; x_wconf 91' lang='lat' dir='ltr'>in</span> <span class='ocrx_word' id='word_1_38' title='bbox 1049 620 1201 683; x_wconf 87' lang='lat' dir='ltr'>ligno,</span> <span class='ocrx_word' id='word_1_39' title='bbox 1219 627 1275 666; x_wconf 91' lang='lat' dir='ltr'>ut</span> <span class='ocrx_word' id='word_1_40' title='bbox 1302 618 1524 666; x_wconf 81' lang='lat' dir='ltr'>Persicis.</span> <span class='ocrx_word' id='word_1_41' title='bbox 1573 620 1821 682; x_wconf 85' lang='lat' dir='ltr'>quaedam</span> 
     </span>
     <span class='ocr_line' id='line_1_7' title="bbox 341 697 1825 759; baseline 0 -17"><span class='ocrx_word' id='word_1_42' title='bbox 341 701 472 743; x_wconf 90' lang='lat' dir='ltr'>inter</span> <span class='ocrx_word' id='word_1_43' title='bbox 491 715 543 744; x_wconf 88' lang='lat' dir='ltr'>se</span> <span class='ocrx_word' id='word_1_44' title='bbox 564 698 738 753; x_wconf 87' lang='lat' dir='ltr'>densa,</span> <span class='ocrx_word' id='word_1_45' title='bbox 759 705 815 743; x_wconf 90' lang='lat' dir='ltr'>ut</span> <span class='ocrx_word' id='word_1_46' title='bbox 835 714 979 752; x_wconf 87' lang='lat' dir='ltr'>uvae,</span> <span class='ocrx_word' id='word_1_47' title='bbox 999 697 1161 752; x_wconf 87' lang='lat' dir='ltr'>sorba,</span> <span class='ocrx_word' id='word_1_48' title='bbox 1183 713 1311 759; x_wconf 88' lang='lat' dir='ltr'>quae</span> <span class='ocrx_word' id='word_1_49' title='bbox 1331 713 1495 742; x_wconf 88' lang='lat' dir='ltr'>ramos</span> <span class='ocrx_word' id='word_1_50' title='bbox 1514 697 1825 743; x_wconf 89' lang='lat' dir='ltr'>circumdata</span> 
     </span>
     <span class='ocr_line' id='line_1_8' title="bbox 342 773 1825 838; baseline 0 -19"><span class='ocrx_word' id='word_1_51' title='bbox 342 791 404 820; x_wconf 83' lang='lat' dir='ltr'>ex</span> <span class='ocrx_word' id='word_1_52' title='bbox 432 778 566 819; x_wconf 89' lang='lat' dir='ltr'>omni</span> <span class='ocrx_word' id='word_1_53' title='bbox 583 782 728 838; x_wconf 84' lang='lat' dir='ltr'>parte</span> <span class='ocrx_word' id='word_1_54' title='bbox 758 791 964 820; x_wconf 84' lang='lat' dir='ltr'>uvarum</span> <span class='ocrx_word' id='word_1_55' title='bbox 984 773 1132 819; x_wconf 93' lang='lat' dir='ltr'>modo</span> <span class='ocrx_word' id='word_1_56' title='bbox 1152 773 1461 836; x_wconf 86' lang='lat' dir='ltr'>degravant;</span> <span class='ocrx_word' id='word_1_57' title='bbox 1505 773 1602 819; x_wconf 87' lang='lat' dir='ltr'>alia</span> <span class='ocrx_word' id='word_1_58' title='bbox 1620 790 1746 829; x_wconf 88' lang='lat' dir='ltr'>rara,</span> <span class='ocrx_word' id='word_1_59' title='bbox 1767 781 1825 819; x_wconf 87' lang='lat' dir='ltr'>ut</span> 
     </span>
    </p>

    <p class='ocr_par' dir='ltr' id='par_1_3' title="bbox 243 849 1823 1297">
     <span class='ocr_line' id='line_1_9' title="bbox 243 849 1823 913; baseline 0.001 -18"><span class='ocrx_word' id='word_1_60' title='bbox 243 858 319 896; x_wconf 88' lang='lat'>115</span> <span class='ocrx_word' id='word_1_61' title='bbox 343 855 393 896; x_wconf 85' lang='lat' dir='ltr'>in</span> <span class='ocrx_word' id='word_1_62' title='bbox 424 849 645 897; x_wconf 76' lang='lat' dir='ltr'>Persicis,</span> <span class='ocrx_word' id='word_1_63' title='bbox 715 851 964 913; x_wconf 86' lang='lat' dir='ltr'>quaedam</span> <span class='ocrx_word' id='word_1_64' title='bbox 995 850 1104 896; x_wconf 91' lang='lat' dir='ltr'>alvo</span> <span class='ocrx_word' id='word_1_65' title='bbox 1133 853 1472 905; x_wconf 84' lang='lat' dir='ltr'>continentur,</span> <span class='ocrx_word' id='word_1_66' title='bbox 1499 857 1555 896; x_wconf 90' lang='lat' dir='ltr'>ut</span> <span class='ocrx_word' id='word_1_67' title='bbox 1585 857 1823 913; x_wconf 83' lang='lat' dir='ltr'>granata;</span> 
     </span>
     <span class='ocr_line' id='line_1_10' title="bbox 341 926 1823 990; baseline -0.001 -17"><span class='ocrx_word' id='word_1_68' title='bbox 341 927 632 990; x_wconf 88' lang='lat' dir='ltr'>dependent</span> <span class='ocrx_word' id='word_1_69' title='bbox 673 927 768 973; x_wconf 87' lang='lat' dir='ltr'>alia</span> <span class='ocrx_word' id='word_1_70' title='bbox 806 927 1064 990; x_wconf 87' lang='lat' dir='ltr'>pediculis,</span> <span class='ocrx_word' id='word_1_71' title='bbox 1105 934 1162 972; x_wconf 90' lang='lat' dir='ltr'>ut</span> <span class='ocrx_word' id='word_1_72' title='bbox 1199 930 1324 990; x_wconf 89' lang='lat' dir='ltr'>pira,</span> <span class='ocrx_word' id='word_1_73' title='bbox 1366 926 1462 972; x_wconf 88' lang='lat' dir='ltr'>alia</span> <span class='ocrx_word' id='word_1_74' title='bbox 1501 930 1726 983; x_wconf 89' lang='lat' dir='ltr'>racemis,</span> <span class='ocrx_word' id='word_1_75' title='bbox 1767 934 1823 973; x_wconf 88' lang='lat' dir='ltr'>ut</span> 
     </span>
     <span class='ocr_line' id='line_1_11' title="bbox 342 1002 1823 1068; baseline -0.001 -18"><span class='ocrx_word' id='word_1_76' title='bbox 342 1021 485 1060; x_wconf 87' lang='lat' dir='ltr'>uvae,</span> <span class='ocrx_word' id='word_1_77' title='bbox 503 1005 719 1068; x_wconf 85' lang='lat' dir='ltr'>palmae,</span> <span class='ocrx_word' id='word_1_78' title='bbox 740 1004 834 1050; x_wconf 87' lang='lat' dir='ltr'>alia</span> <span class='ocrx_word' id='word_1_79' title='bbox 855 1011 907 1050; x_wconf 83' lang='lat' dir='ltr'>et</span> <span class='ocrx_word' id='word_1_80' title='bbox 925 1003 1168 1067; x_wconf 89' lang='lat' dir='ltr'>pediculis</span> <span class='ocrx_word' id='word_1_81' title='bbox 1190 1010 1242 1049; x_wconf 89' lang='lat' dir='ltr'>et</span> <span class='ocrx_word' id='word_1_82' title='bbox 1262 1006 1491 1058; x_wconf 89' lang='lat' dir='ltr'>racemis,</span> <span class='ocrx_word' id='word_1_83' title='bbox 1512 1010 1567 1049; x_wconf 90' lang='lat' dir='ltr'>ut</span> <span class='ocrx_word' id='word_1_84' title='bbox 1587 1002 1823 1059; x_wconf 87' lang='lat' dir='ltr'>hederae,</span> 
     </span>
     <span class='ocr_line' id='line_1_12' title="bbox 341 1079 1822 1142; baseline 0 -16"><span class='ocrx_word' id='word_1_85' title='bbox 341 1082 524 1127; x_wconf 86' lang='lat' dir='ltr'>sabuci.</span> <span class='ocrx_word' id='word_1_86' title='bbox 593 1081 689 1126; x_wconf 87' lang='lat' dir='ltr'>alia</span> <span class='ocrx_word' id='word_1_87' title='bbox 718 1098 856 1126; x_wconf 91' lang='lat' dir='ltr'>ramo</span> <span class='ocrx_word' id='word_1_88' title='bbox 888 1080 1183 1135; x_wconf 77' lang='lat' dir='ltr'>adhaerent,</span> <span class='ocrx_word' id='word_1_89' title='bbox 1214 1087 1271 1125; x_wconf 92' lang='lat' dir='ltr'>ut</span> <span class='ocrx_word' id='word_1_90' title='bbox 1301 1083 1353 1125; x_wconf 92' lang='lat' dir='ltr'>in</span> <span class='ocrx_word' id='word_1_91' title='bbox 1381 1079 1542 1135; x_wconf 90' lang='lat' dir='ltr'>lauru,</span> <span class='ocrx_word' id='word_1_92' title='bbox 1574 1079 1822 1142; x_wconf 87' lang='lat' dir='ltr'>quaedam</span> 
     </span>
     <span class='ocr_line' id='line_1_13' title="bbox 342 1156 1823 1220; baseline -0.001 -17"><span class='ocrx_word' id='word_1_93' title='bbox 342 1165 553 1220; x_wconf 89' lang='lat' dir='ltr'>utroque</span> <span class='ocrx_word' id='word_1_94' title='bbox 591 1158 757 1213; x_wconf 90' lang='lat' dir='ltr'>modo,</span> <span class='ocrx_word' id='word_1_95' title='bbox 785 1165 841 1204; x_wconf 89' lang='lat' dir='ltr'>ut</span> <span class='ocrx_word' id='word_1_96' title='bbox 879 1157 1053 1213; x_wconf 88' lang='lat' dir='ltr'>olivae,</span> <span class='ocrx_word' id='word_1_97' title='bbox 1081 1173 1198 1202; x_wconf 89' lang='lat' dir='ltr'>nam</span> <span class='ocrx_word' id='word_1_98' title='bbox 1232 1164 1284 1202; x_wconf 90' lang='lat' dir='ltr'>et</span> <span class='ocrx_word' id='word_1_99' title='bbox 1319 1157 1493 1202; x_wconf 89' lang='lat' dir='ltr'>breves</span> <span class='ocrx_word' id='word_1_100' title='bbox 1525 1156 1743 1219; x_wconf 91' lang='lat' dir='ltr'>pediculi</span> <span class='ocrx_word' id='word_1_101' title='bbox 1771 1164 1823 1202; x_wconf 88' lang='lat' dir='ltr'>et</span> 
     </span>
     <span class='ocr_line' id='line_1_14' title="bbox 341 1230 1823 1297; baseline -0.001 -17"><span class='ocrx_word' id='word_1_102' title='bbox 341 1234 491 1297; x_wconf 84' lang='lat' dir='ltr'>longi.</span> <span class='ocrx_word' id='word_1_103' title='bbox 560 1234 809 1296; x_wconf 88' lang='lat' dir='ltr'>quaedam</span> <span class='ocrx_word' id='word_1_104' title='bbox 860 1233 1069 1280; x_wconf 88' lang='lat' dir='ltr'>vasculis</span> <span class='ocrx_word' id='word_1_105' title='bbox 1121 1239 1372 1288; x_wconf 76' lang='lat' dir='ltr'>constant,</span> <span class='ocrx_word' id='word_1_106' title='bbox 1424 1240 1480 1279; x_wconf 88' lang='lat' dir='ltr'>ut</span> <span class='ocrx_word' id='word_1_107' title='bbox 1534 1230 1720 1279; x_wconf 89' lang='lat' dir='ltr'>Punica</span> <span class='ocrx_word' id='word_1_108' title='bbox 1771 1240 1823 1279; x_wconf 88' lang='lat' dir='ltr'>et</span> 
     </span>
    </p>

    <p class='ocr_par' dir='ltr' id='par_1_4' title="bbox 246 1308 1825 1756">
     <span class='ocr_line' id='line_1_15' title="bbox 246 1308 1824 1374; baseline 0 -19"><span class='ocrx_word' id='word_1_109' title='bbox 246 1318 321 1356; x_wconf 87' lang='lat'>116</span> <span class='ocrx_word' id='word_1_110' title='bbox 345 1311 552 1374; x_wconf 88' lang='lat' dir='ltr'>mespila</span> <span class='ocrx_word' id='word_1_111' title='bbox 574 1311 802 1373; x_wconf 89' lang='lat' dir='ltr'>lotosque</span> <span class='ocrx_word' id='word_1_112' title='bbox 826 1313 877 1356; x_wconf 90' lang='lat' dir='ltr'>in</span> <span class='ocrx_word' id='word_1_113' title='bbox 901 1311 1140 1373; x_wconf 89' lang='lat' dir='ltr'>Aegypto</span> <span class='ocrx_word' id='word_1_114' title='bbox 1165 1317 1217 1356; x_wconf 89' lang='lat' dir='ltr'>et</span> <span class='ocrx_word' id='word_1_115' title='bbox 1241 1308 1517 1373; x_wconf 87' lang='lat' dir='ltr'>Euphrate.</span> <span class='ocrx_word' id='word_1_116' title='bbox 1585 1313 1685 1355; x_wconf 90' lang='lat' dir='ltr'>iam</span> <span class='ocrx_word' id='word_1_117' title='bbox 1707 1326 1824 1356; x_wconf 89' lang='lat' dir='ltr'>vero</span> 
     </span>
     <span class='ocr_line' id='line_1_16' title="bbox 342 1386 1823 1451; baseline -0.001 -17"><span class='ocrx_word' id='word_1_118' title='bbox 342 1388 535 1434; x_wconf 89' lang='lat' dir='ltr'>diversa</span> <span class='ocrx_word' id='word_1_119' title='bbox 603 1391 765 1451; x_wconf 89' lang='lat' dir='ltr'>gratia</span> <span class='ocrx_word' id='word_1_120' title='bbox 835 1395 887 1434; x_wconf 90' lang='lat' dir='ltr'>et</span> <span class='ocrx_word' id='word_1_121' title='bbox 955 1387 1341 1433; x_wconf 89' lang='lat' dir='ltr'>commendatio.</span> <span class='ocrx_word' id='word_1_122' title='bbox 1410 1403 1558 1432; x_wconf 91' lang='lat' dir='ltr'>carne</span> <span class='ocrx_word' id='word_1_123' title='bbox 1626 1386 1823 1450; x_wconf 87' lang='lat' dir='ltr'>palmae</span> 
     </span>
     <span class='ocr_line' id='line_1_17' title="bbox 343 1463 1825 1529; baseline -0.001 -20"><span class='ocrx_word' id='word_1_124' title='bbox 343 1465 561 1529; x_wconf 86' lang='lat' dir='ltr'>placent,</span> <span class='ocrx_word' id='word_1_125' title='bbox 602 1471 768 1510; x_wconf 90' lang='lat' dir='ltr'>crusta</span> <span class='ocrx_word' id='word_1_126' title='bbox 808 1463 1109 1519; x_wconf 87' lang='lat' dir='ltr'>Thebaicae,</span> <span class='ocrx_word' id='word_1_127' title='bbox 1151 1480 1267 1509; x_wconf 90' lang='lat' dir='ltr'>suco</span> <span class='ocrx_word' id='word_1_128' title='bbox 1309 1479 1434 1509; x_wconf 82' lang='lat' dir='ltr'>uvae</span> <span class='ocrx_word' id='word_1_129' title='bbox 1477 1470 1529 1508; x_wconf 89' lang='lat' dir='ltr'>et</span> <span class='ocrx_word' id='word_1_130' title='bbox 1570 1470 1825 1526; x_wconf 87' lang='lat' dir='ltr'>caryotae,</span> 
     </span>
     <span class='ocr_line' id='line_1_18' title="bbox 342 1539 1825 1604; baseline -0.001 -18"><span class='ocrx_word' id='word_1_131' title='bbox 342 1541 466 1587; x_wconf 91' lang='lat' dir='ltr'>callo</span> <span class='ocrx_word' id='word_1_132' title='bbox 494 1544 603 1604; x_wconf 90' lang='lat' dir='ltr'>pira</span> <span class='ocrx_word' id='word_1_133' title='bbox 633 1558 689 1586; x_wconf 90' lang='lat' dir='ltr'>ac</span> <span class='ocrx_word' id='word_1_134' title='bbox 719 1541 868 1597; x_wconf 86' lang='lat' dir='ltr'>mala,</span> <span class='ocrx_word' id='word_1_135' title='bbox 898 1557 1104 1603; x_wconf 87' lang='lat' dir='ltr'>corpore</span> <span class='ocrx_word' id='word_1_136' title='bbox 1136 1556 1290 1595; x_wconf 90' lang='lat' dir='ltr'>mora,</span> <span class='ocrx_word' id='word_1_137' title='bbox 1321 1539 1614 1602; x_wconf 87' lang='lat' dir='ltr'>cartilagine</span> <span class='ocrx_word' id='word_1_138' title='bbox 1645 1540 1825 1596; x_wconf 90' lang='lat' dir='ltr'>nuclei,</span> 
     </span>
     <span class='ocr_line' id='line_1_19' title="bbox 343 1615 1825 1681; baseline -0.001 -18"><span class='ocrx_word' id='word_1_139' title='bbox 343 1634 497 1681; x_wconf 85' lang='lat' dir='ltr'>grano</span> <span class='ocrx_word' id='word_1_140' title='bbox 521 1617 769 1680; x_wconf 87' lang='lat' dir='ltr'>quaedam</span> <span class='ocrx_word' id='word_1_141' title='bbox 790 1621 841 1663; x_wconf 92' lang='lat' dir='ltr'>in</span> <span class='ocrx_word' id='word_1_142' title='bbox 861 1618 1116 1680; x_wconf 80' lang='lat' dir='ltr'>Aegypto,</span> <span class='ocrx_word' id='word_1_143' title='bbox 1136 1624 1251 1662; x_wconf 88' lang='lat' dir='ltr'>cute</span> <span class='ocrx_word' id='word_1_144' title='bbox 1275 1615 1478 1662; x_wconf 91' lang='lat' dir='ltr'>Caricae</span> <span class='ocrx_word' id='word_1_145' title='bbox 1496 1633 1506 1662; x_wconf 75' lang='grc' dir='ltr'>ε</span> <span class='ocrx_word' id='word_1_146' title='bbox 1543 1615 1825 1662; x_wconf 79' lang='lat' dir='ltr'>detrahitur</span> 
     </span>
     <span class='ocr_line' id='line_1_20' title="bbox 344 1692 1824 1756; baseline 0 -18"><span class='ocrx_word' id='word_1_147' title='bbox 344 1693 466 1740; x_wconf 89' lang='lat' dir='ltr'>haec</span> <span class='ocrx_word' id='word_1_148' title='bbox 487 1694 588 1740; x_wconf 85' lang='lat' dir='ltr'>ficis</span> <span class='ocrx_word' id='word_1_149' title='bbox 608 1695 881 1739; x_wconf 81' lang='lat' dir='ltr'>virentibus</span> <span class='ocrx_word' id='word_1_150' title='bbox 902 1701 958 1739; x_wconf 92' lang='lat' dir='ltr'>ut</span> <span class='ocrx_word' id='word_1_151' title='bbox 981 1701 1243 1756; x_wconf 82' lang='lat' dir='ltr'>putamen,</span> <span class='ocrx_word' id='word_1_152' title='bbox 1264 1693 1554 1755; x_wconf 81' lang='lat' dir='ltr'>eisdemque</span> <span class='ocrx_word' id='word_1_153' title='bbox 1572 1692 1591 1721; x_wconf 81' lang='lat'>2</span> <span class='ocrx_word' id='word_1_154' title='bbox 1610 1696 1660 1738; x_wconf 89' lang='lat' dir='ltr'>in</span> <span class='ocrx_word' id='word_1_155' title='bbox 1686 1695 1824 1738; x_wconf 84' lang='lat' dir='ltr'>siccis</span> 
     </span>
    </p>

    <p class='ocr_par' dir='ltr' id='par_1_5' title="bbox 247 1769 1823 2287">
     <span class='ocr_line' id='line_1_21' title="bbox 247 1769 1823 1833; baseline 0 -19"><span class='ocrx_word' id='word_1_156' title='bbox 247 1778 320 1816; x_wconf 89' lang='lat'>117</span> <span class='ocrx_word' id='word_1_157' title='bbox 346 1774 563 1817; x_wconf 88' lang='lat' dir='ltr'>maxime</span> <span class='ocrx_word' id='word_1_158' title='bbox 587 1770 771 1833; x_wconf 86' lang='lat' dir='ltr'>placet.</span> <span class='ocrx_word' id='word_1_159' title='bbox 840 1774 891 1815; x_wconf 91' lang='lat' dir='ltr'>in</span> <span class='ocrx_word' id='word_1_160' title='bbox 918 1773 1122 1833; x_wconf 88' lang='lat' dir='ltr'>papyris</span> <span class='ocrx_word' id='word_1_161' title='bbox 1154 1777 1205 1815; x_wconf 92' lang='lat' dir='ltr'>et</span> <span class='ocrx_word' id='word_1_162' title='bbox 1237 1769 1406 1815; x_wconf 90' lang='lat' dir='ltr'>ferulis</span> <span class='ocrx_word' id='word_1_163' title='bbox 1437 1773 1679 1832; x_wconf 87' lang='lat' dir='ltr'>spinaque</span> <span class='ocrx_word' id='word_1_164' title='bbox 1711 1769 1823 1815; x_wconf 89' lang='lat' dir='ltr'>alba</span> 
     </span>
     <span class='ocr_line' id='line_1_22' title="bbox 343 1845 1823 1910; baseline -0.001 -18"><span class='ocrx_word' id='word_1_165' title='bbox 343 1847 494 1893; x_wconf 87' lang='lat' dir='ltr'>caulis</span> <span class='ocrx_word' id='word_1_166' title='bbox 530 1850 636 1910; x_wconf 90' lang='lat' dir='ltr'>ipse</span> <span class='ocrx_word' id='word_1_167' title='bbox 671 1864 877 1910; x_wconf 92' lang='lat' dir='ltr'>pomum</span> <span class='ocrx_word' id='word_1_168' title='bbox 914 1854 1007 1902; x_wconf 87' lang='lat' dir='ltr'>est,</span> <span class='ocrx_word' id='word_1_169' title='bbox 1044 1845 1210 1892; x_wconf 85' lang='lat' dir='ltr'>sicut3</span> <span class='ocrx_word' id='word_1_170' title='bbox 1247 1853 1299 1892; x_wconf 90' lang='lat' dir='ltr'>et</span> <span class='ocrx_word' id='word_1_171' title='bbox 1350 1846 1516 1891; x_wconf 89' lang='lat' dir='ltr'>ficulni</span> <span class='ocrx_word' id='word_1_172' title='bbox 1554 1845 1738 1901; x_wconf 89' lang='lat' dir='ltr'>caules,</span> <span class='ocrx_word' id='word_1_173' title='bbox 1773 1848 1823 1890; x_wconf 90' lang='lat' dir='ltr'>in</span> 
     </span>
     <span class='ocr_line' id='line_1_23' title="bbox 344 1922 1823 1986; baseline -0.001 -18"><span class='ocrx_word' id='word_1_174' title='bbox 344 1923 580 1970; x_wconf 87' lang='lat' dir='ltr'>fruticoso</span> <span class='ocrx_word' id='word_1_175' title='bbox 605 1940 792 1986; x_wconf 88' lang='lat' dir='ltr'>genere</span> <span class='ocrx_word' id='word_1_176' title='bbox 818 1940 931 1969; x_wconf 89' lang='lat' dir='ltr'>cum</span> <span class='ocrx_word' id='word_1_177' title='bbox 956 1923 1097 1968; x_wconf 90' lang='lat' dir='ltr'>caule</span> <span class='ocrx_word' id='word_1_178' title='bbox 1123 1926 1378 1986; x_wconf 89' lang='lat' dir='ltr'>capparis;</span> <span class='ocrx_word' id='word_1_179' title='bbox 1421 1925 1471 1967; x_wconf 91' lang='lat' dir='ltr'>in</span> <span class='ocrx_word' id='word_1_180' title='bbox 1495 1922 1682 1985; x_wconf 81' lang='lat' dir='ltr'>siliquis</span> <span class='ocrx_word' id='word_1_181' title='bbox 1709 1939 1823 1968; x_wconf 89' lang='lat' dir='ltr'>vero</span> 
     </span>
     <span class='ocr_line' id='line_1_24' title="bbox 345 1999 1823 2062; baseline -0.001 -16"><span class='ocrx_word' id='word_1_182' title='bbox 345 2000 478 2062; x_wconf 91' lang='lat' dir='ltr'>quod</span> <span class='ocrx_word' id='word_1_183' title='bbox 502 2000 757 2046; x_wconf 89' lang='lat' dir='ltr'>manditur</span> <span class='ocrx_word' id='word_1_184' title='bbox 783 2000 902 2062; x_wconf 87' lang='lat' dir='ltr'>quid</span> <span class='ocrx_word' id='word_1_185' title='bbox 928 2003 1019 2045; x_wconf 88' lang='lat' dir='ltr'>nisi</span> <span class='ocrx_word' id='word_1_186' title='bbox 1046 1999 1237 2061; x_wconf 86' lang='lat' dir='ltr'>lignum</span> <span class='ocrx_word' id='word_1_187' title='bbox 1263 1999 1373 2045; x_wconf 88' lang='lat' dir='ltr'>est?</span> <span class='ocrx_word' id='word_1_188' title='bbox 1419 2016 1517 2044; x_wconf 87' lang='lat' dir='ltr'>non</span> <span class='ocrx_word' id='word_1_189' title='bbox 1542 1999 1823 2045; x_wconf 87' lang='lat' dir='ltr'>omittenda</span> 
     </span>
     <span class='ocr_line' id='line_1_25' title="bbox 344 2079 1823 2139; baseline 0 -18"><span class='ocrx_word' id='word_1_190' title='bbox 344 2079 544 2122; x_wconf 88' lang='lat' dir='ltr'>seminis</span> <span class='ocrx_word' id='word_1_191' title='bbox 581 2093 753 2123; x_wconf 87' lang='lat' dir='ltr'>earum</span> <span class='ocrx_word' id='word_1_192' title='bbox 786 2080 1130 2139; x_wconf 83' lang='lat' dir='ltr'>proprietate:</span> <span class='ocrx_word' id='word_1_193' title='bbox 1166 2092 1282 2121; x_wconf 90' lang='lat' dir='ltr'>nam</span> <span class='ocrx_word' id='word_1_194' title='bbox 1319 2092 1483 2138; x_wconf 91' lang='lat' dir='ltr'>neque</span> <span class='ocrx_word' id='word_1_195' title='bbox 1525 2092 1701 2139; x_wconf 85' lang='lat' dir='ltr'>corpus</span> <span class='ocrx_word' id='word_1_196' title='bbox 1732 2092 1823 2121; x_wconf 92' lang='lat' dir='ltr'>nec</span> 
     </span>
     <span class='ocr_line' id='line_1_26' title="bbox 353 2181 1820 2286; baseline 0 -66"><span class='ocrx_word' id='word_1_197' title='bbox 353 2236 361 2243; x_wconf 46' lang='grc'><strong>.</strong></span> <span class='ocrx_word' id='word_1_198' title='bbox 407 2182 680 2286; x_wconf 38' lang='grc' dir='ltr'>ὶῗείξιεῇῗηε</span> <span class='ocrx_word' id='word_1_199' title='bbox 712 2187 762 2222; x_wconf 85' lang='lat' dir='ltr'>ut</span> <span class='ocrx_word' id='word_1_200' title='bbox 781 2195 935 2233; x_wconf 83' lang='lat' dir='ltr'>genera</span> <span class='ocrx_word' id='word_1_201' title='bbox 956 2182 1097 2234; x_wconf 87' lang='lat' dir='ltr'>mydis</span> <span class='ocrx_word' id='word_1_202' title='bbox 1119 2184 1186 2230; x_wconf 89' lang='lat' dir='ltr'>(ut</span> <span class='ocrx_word' id='word_1_203' title='bbox 1206 2194 1361 2232; x_wconf 82' lang='lat' dir='ltr'>genera</span> <span class='ocrx_word' id='word_1_204' title='bbox 1380 2195 1402 2221; x_wconf 87' lang='lat' dir='ltr'>e</span> <span class='ocrx_word' id='word_1_205' title='bbox 1423 2181 1585 2221; x_wconf 81' lang='lat' dir='ltr'>nucleis</span> <span class='ocrx_word' id='word_1_206' title='bbox 1608 2181 1820 2232; x_wconf 83' lang='lat' dir='ltr'>quaedam</span> 
     </span>
     <span class='ocr_line' id='line_1_27' title="bbox 350 2248 644 2287; baseline 0.003 -13"><span class='ocrx_word' id='word_1_207' title='bbox 350 2248 395 2274; x_wconf 78' lang='lat' dir='ltr'>in</span> <span class='ocrx_word' id='word_1_208' title='bbox 443 2250 524 2287; x_wconf 58' lang='lat' dir='ltr'>‘ay</span> <span class='ocrx_word' id='word_1_209' title='bbox 553 2249 576 2274; x_wconf 91' lang='lat' dir='ltr'>o</span> <span class='ocrx_word' id='word_1_210' title='bbox 633 2265 644 2275; x_wconf 88' lang='lat'>.</span> 
     </span>
    </p>
   </div>
   <div class='ocr_carea' id='block_1_3' title="bbox 403 2289 912 2393">
    <p class='ocr_par' dir='ltr' id='par_1_6' title="bbox 403 2289 912 2393">
     <span class='ocr_line' id='line_1_28' title="bbox 405 2289 912 2339; baseline 0 -11"><span class='ocrx_word' id='word_1_211' title='bbox 405 2291 419 2312; x_wconf 78' lang='lat'><em>²</em></span> <span class='ocrx_word' id='word_1_212' title='bbox 449 2291 685 2339; x_wconf 81' lang='lat' dir='ltr'>eademque</span> <span class='ocrx_word' id='word_1_213' title='bbox 708 2289 912 2339; x_wconf 73' lang='lat' dir='ltr'>Mayhoff.</span> 
     </span>
     <span class='ocr_line' id='line_1_29' title="bbox 403 2342 816 2393; baseline 0.002 -13"><span class='ocrx_word' id='word_1_214' title='bbox 403 2342 418 2365; x_wconf 80' lang='lat'>³</span> <span class='ocrx_word' id='word_1_215' title='bbox 451 2342 670 2393; x_wconf 79' lang='lat' dir='ltr'>Mayhosf:</span> <span class='ocrx_word' id='word_1_216' title='bbox 702 2348 816 2381; x_wconf 80' lang='lat' dir='ltr'>sunt.</span> 
     </span>
    </p>
   </div>
   <div class='ocr_carea' id='block_1_4' title="bbox 651 2435 1516 2439">
    <p class='ocr_par' dir='ltr' id='par_1_7' title="bbox 651 2435 1516 2439">
     <span class='ocr_line' id='line_1_30' title="bbox 651 2435 1516 2439; baseline 0 0"><span class='ocrx_word' id='word_1_217' title='bbox 651 2435 1516 2439; x_wconf 95' lang='lat' dir='ltr'> </span> 
     </span>
    </p>
   </div>
   <div class='ocr_carea' id='block_1_5' title="bbox 343 2436 626 2444">
    <p class='ocr_par' dir='ltr' id='par_1_8' title="bbox 343 2436 626 2444">
     <span class='ocr_line' id='line_1_31' title="bbox 343 2436 626 2444; baseline 0 554"><span class='ocrx_word' id='word_1_218' title='bbox 343 2436 626 2444; x_wconf 95' lang='lat' dir='ltr'> </span> 
     </span>
    </p>
   </div>
   <div class='ocr_carea' id='block_1_6' title="bbox 342 2489 1315 2624">
    <p class='ocr_par' dir='ltr' id='par_1_9' title="bbox 342 2489 1315 2624">
     <span class='ocr_line' id='line_1_32' title="bbox 844 2489 1315 2540; baseline -0.004 -12"><span class='ocrx_word' id='word_1_219' title='bbox 844 2494 861 2512; x_wconf 82' lang='lat'>‘²</span> <span class='ocrx_word' id='word_1_220' title='bbox 892 2490 954 2529; x_wconf 76' lang='lat' dir='ltr'>Cf.</span> <span class='ocrx_word' id='word_1_221' title='bbox 979 2502 1018 2540; x_wconf 90' lang='lat' dir='ltr'>p.</span> <span class='ocrx_word' id='word_1_222' title='bbox 1046 2490 1135 2535; x_wconf 77' lang='lat'>134,</span> <span class='ocrx_word' id='word_1_223' title='bbox 1160 2492 1259 2526; x_wconf 88' lang='lat' dir='ltr'>notc</span> <span class='ocrx_word' id='word_1_224' title='bbox 1280 2489 1315 2526; x_wconf 74' lang='lat' dir='ltr'>b.</span> 
     </span>
     <span class='ocr_line' id='line_1_33' title="bbox 342 2565 430 2624; baseline 0 -16"><span class='ocrx_word' id='word_1_225' title='bbox 342 2565 430 2624; x_wconf 80' lang='lat'>366</span> 
     </span>
    </p>
   </div>
  </div>
 </body>
</html>
