1909 2998
564 206 774 252 PLINY
798 223 809 253 z
873 207 1202 254 NATURAL
1247 208 1543 256 HISTORY

228 339 281 377 36
378 333 483 379 XV.
521 333 768 380 Scandula
804 350 830 380 e
868 335 1043 380 robore
1081 338 1355 398 aptissima,
1383 353 1499 383 mox
1537 354 1564 384 e
1601 338 1790 400 glandi-

314 408 428 454 feris
455 409 560 455 aliis
586 409 820 471 fagoque,
840 409 1074 456 facillima
1093 428 1153 456 ex
1176 413 1403 458 omnibus
1427 429 1555 475 quae
1576 417 1789 461 resinam

313 488 498 544 ferunt,
549 490 638 535 scd
687 493 891 536 minime
943 490 1124 536 durans
1174 499 1529 554 praeterquam
1580 510 1607 540 e
1656 497 1787 558 pino.

313 569 549 615 scandula
581 577 867 615 contectam
901 570 1051 616 fuisse
1085 571 1295 616 Romam
1330 572 1393 618 ad
1427 570 1600 636 Pyrrhi
1634 591 1789 638 usque

310 649 496 694 bellum
539 653 678 695 annis
726 666 928 695 ccchxx
977 651 1232 697 Cornelius
1282 652 1448 715 Nepos
1488 661 1660 699 auctor
1696 662 1787 702 est.

223 736 276 775 37
310 729 542 776 silvarum
586 738 726 776 certe
773 731 1178 794 distinguebatur
1222 733 1513 795 insignibus,
1562 734 1788 798 Fagutali

312 810 428 856 Iove
461 813 617 856 etiam
648 828 778 856 nunc
811 812 895 856 ubi
926 811 1063 857 lucus
1096 811 1271 874 fageus
1303 811 1415 868 fuit,
1449 811 1601 859 Porta
1632 814 1788 873 Quer—

309 891 598 953 quetulana,
642 891 777 937 Colle
820 891 1053 937 Viminali
1077 892 1095 920 1
1137 895 1188 937 in
1231 910 1381 955 quem
1425 897 1608 940 vimina
1646 903 1789 959 pete-

307 971 508 1027 bantur,
552 979 731 1034 totque
780 971 943 1027 Lucis,
990 972 1290 1034 quibusdam
1335 980 1388 1019 et
1432 977 1657 1037 geminis.
1725 975 1785 1034 Q.

310 1052 606 1098 Hortensius
638 1053 872 1107 dictator,
903 1069 1016 1098 cum
1050 1052 1224 1116 plebes
1257 1057 1545 1100 secessisset
1577 1057 1627 1100 in
1660 1055 1788 1102 Iani-

307 1132 490 1187 culum,
516 1132 683 1195 legem
710 1135 760 1178 in
787 1132 1059 1178 Aesculeto
1087 1132 1204 1178 tulit
1232 1141 1288 1179 ut
1317 1134 1449 1196 quod
1478 1151 1538 1180 ea
1564 1138 1788 1183 iussisset

308 1229 478 1258 omnes
505 1212 726 1270 Quirites
751 1220 968 1259 teneret.

221 1299 274 1338 38
370 1292 506 1339 XVI.
545 1291 846 1357 Peregrinae
888 1300 998 1339 tum
1040 1293 1356 1350 videbantur,
1400 1298 1634 1357 quoniam
1689 1314 1787 1343 non

307 1381 450 1419 erant
487 1374 819 1430 suburbanae,
843 1377 988 1437 pinus
1016 1381 1169 1436 atque
1197 1375 1333 1420 abies
1359 1392 1631 1438 omnesque
1659 1394 1786 1439 quae

303 1457 467 1516 picem
503 1457 733 1517 gignunt.
801 1454 865 1500 de
899 1455 1077 1516 quibus
1113 1471 1242 1500 nunc
1279 1454 1520 1511 dicemus,
1550 1456 1692 1502 simul
1731 1465 1786 1503 ut

304 1541 414 1580 tota
434 1535 700 1580 condiendi
724 1538 838 1580 vina
862 1538 1000 1597 origo
1020 1542 1368 1597 cognoscatur,
1391 1552 1520 1597 quae
1542 1535 1711 1582 ferunt
1737 1540 1786 1583 in

305 1615 425 1660 Asia
452 1622 539 1660 aut
560 1618 754 1661 oriente
774 1615 1062 1678 praedictis.

369 1693 537 1741 Picem
563 1698 615 1740 in
641 1695 842 1758 Europa
869 1712 957 1741 sex
984 1712 1173 1758 genera
1199 1702 1528 1758 cognatarum
1555 1697 1783 1743 arborum

304 1774 488 1822 ferunt.
557 1792 620 1822 ex
653 1774 728 1821 his
760 1779 906 1839 pinus
942 1783 1095 1837 atque
1129 1778 1354 1839 pinaster
1387 1775 1559 1822 folium
1594 1775 1783 1824 habent

304 1855 643 1919 capillamenti
667 1856 816 1902 modo
838 1863 1118 1919 praetenue
1142 1855 1447 1919 longumque
1473 1863 1526 1902 at
1548 1873 1783 1904 mucrone

305 1936 604 1982 aculeatum.
662 1939 808 1999 pinus
828 1935 928 1982 fert
946 1939 1206 1981 minimum
1225 1939 1436 1991 resinae,
1455 1936 1709 1983 interdum
1730 1945 1782 1984 et

304 2017 509 2062 nucibus
534 2020 651 2081 ipsis
677 2016 740 2062 de
767 2017 945 2078 quibus
970 2016 1162 2062 dictum
1188 2023 1280 2072 est,
1311 2019 1493 2078 vixque
1520 2023 1576 2062 ut
1603 2017 1782 2063 adscri-

751 2146 767 2171 1
798 2146 1000 2184 Viminali
1021 2145 1114 2184 add.
1137 2146 1361 2186 Racklzam.

355 2365 371 2382 ⁰
401 2358 490 2397 The
508 2371 595 2396 war
612 2356 715 2395 with
734 2356 923 2407 Pyrrhus
942 2356 1078 2406 began
1097 2365 1228 2395 A.U.c.
1249 2356 1342 2401 473,
1363 2356 1436 2393 281
1462 2366 1543 2395 B.c.

355 2412 370 2436 ὁ
401 2412 467 2451 On
503 2411 578 2450 the
616 2409 834 2460 Esquiline
872 2408 961 2447 Hill
998 2421 1105 2447 were
1142 2408 1216 2447 the
1255 2409 1393 2446 Lucus
1432 2408 1600 2454 Mefitis,
1639 2409 1778 2449 Lucus

302 2466 478 2504 Iunonis
498 2464 695 2508 Luc-inae,
716 2464 854 2501 Lucus
874 2462 1106 2513 Fagutalis‚
1126 2462 1266 2500 Lucus
1286 2463 1439 2500 Larum
1460 2462 1543 2500 and
1564 2463 1776 2513 Querque-

298 2519 495 2558 tulanum
516 2517 742 2557 Sacellum.

298 2609 384 2649 412
