1909 2998
247 739 300 776 84

245 1340 297 1379 85

247 2247 298 2285 86

583 201 827 249 PLINY:
891 202 1221 249 NATURAL
1266 202 1562 250 HISTORY

329 331 552 390 protinus
598 332 649 374 in
694 346 825 392 aqua
868 329 1016 376 cados
1062 330 1221 377 donec
1264 330 1444 376 bruma
1486 336 1713 377 transeat
1758 336 1811 376 et

329 429 639 476 consuetudo
669 430 757 476 fiat
787 430 1003 494 algendi.
1073 438 1150 478 est
1181 434 1460 477 etiamnum
1490 429 1624 477 aliud
1652 447 1811 494 genus

329 533 479 592 passi,
507 530 637 593 quod
670 538 816 577 vocat
848 531 992 577 dulce
1026 531 1362 578 Narbonensis
1395 534 1648 594 provincia
1678 539 1731 578 et
1761 535 1812 577 in

331 647 390 676 ea
430 634 649 677 maxime
691 631 935 678 Vocontii.
1005 632 1297 678 adservatur
1348 635 1452 678 eius
1502 635 1667 695 gratia
1716 649 1811 678 uva

332 731 517 777 diutius
543 735 594 777 in
617 735 719 778 vite
744 731 974 794 pediculo
999 735 1201 779 intorto.
1271 732 1334 778 ab
1359 731 1465 778 aliis
1490 735 1596 795 ipse
1619 732 1811 795 palmes

331 832 563 878 inciditur
583 832 646 878 ad
665 832 957 888 medullam,
977 833 1040 878 ab
1061 833 1168 879 aliis
1188 849 1283 879 uva
1303 840 1523 879 torretur
1541 836 1592 879 in
1611 832 1812 896 tegulis,

330 936 495 978 omnia
528 949 590 979 ex
623 932 931 980 helvennaca
955 936 1073 980 vite.
1141 933 1215 979 his
1248 933 1470 980 adiciunt
1502 933 1654 996 aliqui
1680 933 1813 997 quod

330 1040 509 1080 vocant
539 1032 813 1097 diachyton
843 1037 948 1081 uvis
980 1038 1029 1080 in
1061 1033 1163 1081 sole
1194 1037 1390 1081 siccatis
1420 1034 1528 1081 loco
1558 1034 1693 1081 cluso
1722 1051 1814 1097 per

328 1134 434 1180 dies
467 1142 664 1197 septem
695 1138 746 1180 in
776 1136 996 1181 cratibus
1028 1135 1245 1182 totidem
1275 1135 1432 1197 pedes
1465 1151 1493 1181 a
1523 1142 1661 1181 terra
1692 1134 1812 1191 alte,

329 1235 556 1281 noctibus
587 1236 649 1281 ab
679 1253 852 1282 umore
881 1235 1117 1291 defensis,
1147 1243 1323 1283 octavo
1353 1234 1434 1281 die
1463 1235 1697 1291 calcatis3
1738 1238 1812 1282 ita

331 1335 436 1381 fieri
462 1339 639 1398 optimi
665 1336 827 1383 odoris
854 1341 1159 1399 saporisque.
1229 1353 1257 1383 e
1283 1336 1416 1383 dulci
1440 1353 1628 1400 genere
1657 1344 1733 1384 est
1759 1344 1812 1383 et

329 1436 596 1491 melitites3
637 1437 794 1484 distat
818 1454 847 1483 a
870 1437 1029 1484 mulso
1055 1438 1188 1500 quod
1212 1437 1268 1484 fit
1293 1454 1320 1483 e
1343 1445 1509 1484 musto
1533 1455 1644 1484 cum
1671 1439 1812 1499 quin-

330 1554 428 1599 que
469 1540 684 1601 congiis;
746 1542 932 1585 austeri
979 1542 1131 1584 musti
1172 1542 1349 1602 congio
1390 1537 1550 1585 mellis
1599 1545 1652 1585 et
1697 1538 1811 1583 salis

329 1637 512 1701 cyatho
567 1639 964 1695 subfervefactis,
1020 1647 1293 1686 austerum.
1361 1640 1450 1686 sed
1503 1642 1635 1685 inter
1686 1638 1811 1686 haec

328 1755 515 1801 genera
550 1744 667 1801 poni
703 1740 858 1786 debet
895 1747 947 1786 et
981 1748 1303 1802 protropum:
1355 1742 1428 1786 ita
1465 1739 1749 1802 appellatur
1782 1757 1811 1786 a

330 1840 627 1902 quibusdam
645 1849 866 1887 mustum
885 1849 1064 1903 sponte
1082 1840 1306 1887 defluens
1326 1848 1602 1904 antequam
1617 1840 1811 1888 calcen-

328 1948 410 1985 tur
455 1957 596 1987 uvae.
664 1940 757 1988 hoc
802 1945 1027 2004 protinus
1073 1940 1305 1988 diffusum
1350 1944 1401 1987 in
1444 1941 1666 2004 lagoenis
1712 1946 1810 1988 suis

328 2040 588 2087 defervere
634 2046 783 2103 passi,
823 2050 1001 2104 postea
1048 2046 1097 2087 in
1138 2042 1240 2088 sole
1291 2057 1349 2087 XL
1395 2041 1570 2088 diebus
1617 2049 1810 2089 torrent

329 2145 535 2188 aestatis
561 2150 782 2197 secutae,
808 2146 913 2205 ipso
938 2147 1072 2189 canis
1099 2151 1227 2189 ortu.

393 2241 511 2287 XII.
544 2242 656 2289 Non
671 2252 878 2304 possunt
892 2247 997 2290 iure
1012 2244 1107 2290 dici
1121 2247 1233 2289 vina
1248 2260 1376 2306 quae
1393 2242 1571 2289 Graeci
1584 2243 1811 2290 deuteria

330 2342 602 2404 appellant,
622 2343 748 2389 Cato
769 2351 821 2390 et
840 2360 927 2390 nos
952 2344 1124 2398 loram,
1144 2349 1408 2390 maceratis
1429 2360 1559 2406 aqua
1578 2347 1810 2400 vinaceis,

833 2519 851 2537 ⁰
880 2512 956 2553 See
977 2515 996 2564 ἓ
1017 2515 1082 2561 75,
1106 2518 1222 2554 note.

336 2625 420 2666 242
