1909 2998
602 183 845 229 PLlNY:
909 182 1238 229 NATURAL
1283 183 1579 230 HISTORY

348 311 547 362 micum,
581 308 937 354 Marmaricum
979 308 1149 364 volvis,
1183 316 1236 354 et
1269 311 1489 354 omnium
1510 308 1528 337 1
1561 308 1827 355 inflationi-

348 380 439 426 bus
486 380 707 443 Apulum
754 384 969 426 vomitus
1014 380 1152 436 facit,
1197 380 1511 427 stomachum
1561 388 1614 427 et
1662 381 1826 427 alvum

347 453 507 498 solvit.
578 453 781 515 quidam
812 453 864 499 id
893 454 1204 516 cynosbaton
1236 461 1433 509 vocant,
1465 454 1547 498 alii
1578 453 1827 517 ophiosta-

343 524 546 589 phylen.

247 603 323 642 128
411 598 563 644 XLV.
602 599 882 645 Frutectosi
910 607 986 646 est
1005 603 1204 662 generis
1225 607 1277 646 et
1295 598 1493 663 saripha
1511 603 1639 645 circa
1659 599 1826 646 Nilum

346 688 570 727 nascens,
590 672 801 717 duorum
821 672 978 718 ferme
998 673 1280 718 cubitorum
1300 672 1586 728 altitudine,
1604 672 1826 736 pollicari

344 745 690 800 crassitudine,
716 762 859 791 coma
884 749 1079 808 papyri,
1106 745 1352 808 similique
1380 745 1636 791 manditur
1661 745 1827 802 modo,

347 817 514 864 radice
576 817 792 864 ferrariis
853 818 1055 864 officinis
1116 821 1386 882 praecipua
1447 819 1673 865 carbonis
1735 836 1827 865 usu

343 898 550 953 propter
573 891 824 937 duritiam.

244 968 321 1008 129
408 963 588 1009 XLVI.
634 964 745 1009 Non
790 965 1127 1010 omittendum
1173 972 1251 1011 est
1295 972 1348 1011 et
1393 965 1528 1027 quod
1571 965 1825 1028 Babylone

343 1040 525 1082 seritur
559 1040 609 1082 in
644 1041 812 1100 spinis,
849 1041 1084 1100 quoniam
1118 1055 1217 1083 non
1253 1038 1405 1083 aliubi
1439 1041 1577 1094 vivit,
1611 1041 1740 1084 sicut
1774 1046 1826 1085 et

343 1113 531 1155 viscum
560 1113 611 1155 in
641 1111 915 1166 arboribus,
945 1111 1035 1156 sed
1063 1111 1185 1156 illud
1213 1113 1265 1156 in
1294 1113 1437 1173 spina
1464 1118 1666 1157 tantum
1696 1128 1826 1174 quae

344 1186 484 1245 regia
527 1191 747 1229 vocatur.
816 1186 996 1229 mirum
1043 1184 1177 1246 quod
1223 1184 1403 1229 eodem
1448 1184 1530 1230 die
1576 1188 1826 1247 germinat

345 1272 443 1318 quo
468 1259 709 1302 iniectum
736 1259 1079 1302 est—inicitur
1105 1263 1277 1302 autem
1301 1260 1409 1320 ipso
1433 1260 1568 1302 canis
1594 1265 1826 1304 ortu—et

342 1329 601 1375 celerrime
649 1330 878 1374 arborem
925 1337 1152 1393 occupat.
1221 1330 1462 1375 condiunt
1503 1347 1562 1376 eo
1602 1334 1733 1385 vina,
1773 1339 1825 1377 et

343 1402 457 1447 ideo
479 1409 666 1448 serunt.
736 1405 877 1466 spina
900 1402 983 1448 illa
1006 1406 1225 1448 nascitur
1258 1410 1310 1448 et
1334 1401 1548 1448 Athenis
1580 1405 1631 1448 in
1666 1402 1824 1466 longis

343 1491 509 1520 muris,

247 1554 323 1592 130
410 1548 619 1595 XLVII.
677 1548 865 1595 Frutex
915 1556 992 1595 est
1041 1556 1093 1595 et
1140 1552 1327 1612 cytisus
1380 1550 1443 1594 ab
1494 1548 1825 1612 Amphilocho

343 1621 654 1667 Atheniense
669 1625 802 1667 miris
817 1622 1045 1668 laudibus
1057 1622 1375 1685 praedicatus
1388 1622 1572 1685 pabulo
1588 1626 1824 1678 omnium,

345 1695 508 1740 aridus
530 1712 644 1740 vero
662 1698 816 1741 etiam
836 1712 996 1750 suum,
1014 1695 1328 1758 spondetque
1349 1698 1522 1757 iugero
1539 1699 1643 1741 eius
1661 1712 1824 1741 annua

345 1767 442 1812 HS.
466 1782 545 1812 MM
567 1767 645 1813 vel
669 1768 906 1814 mediocri
932 1768 1034 1813 solo
1058 1768 1264 1814 reditus.
1320 1768 1509 1813 utilitas
1535 1785 1664 1830 quae
1692 1785 1824 1824 ervo,

345 1841 433 1886 sed
492 1844 623 1886 ocior
680 1844 849 1896 satias,
907 1858 1151 1904 perquam
1210 1841 1405 1886 modico
1461 1844 1823 1904 pinguescente

347 1914 673 1976 quadi-mede,
701 1918 773 1960 ita
802 1922 858 1959 ut
887 1917 1112 1959 iumenta
1140 1913 1383 1959 hordeum
1402 1922 1656 1976 spernant.
1725 1931 1823 1960 non

344 2004 405 2031 ex
442 1987 536 2032 alio
569 1987 753 2051 pabulo
788 1988 929 2033 lactis
964 1991 1120 2033 maior
1152 1991 1295 2050 copia
1330 1994 1417 2032 aut
1451 1987 1642 2043 melior,
1677 2004 1824 2051 super

344 2063 510 2104 omnia
554 2060 805 2122 pecudum
841 2061 1089 2106 medicina
1128 2061 1226 2105 ea2
1282 2059 1510 2105 validasss
1564 2077 1593 2105 a
1641 2061 1822 2106 morbis

517 2173 532 2197 1
569 2173 646 2212 VJ.
668 2174 880 2212 omnibus.
1179 2173 1195 2196 ²
1223 2186 1273 2211 ea
1292 2173 1420 2212 addss?
1453 2172 1657 2224 Mayhosf.

852 2227 867 2250 ³
898 2225 1094 2276 Mayhoff
1108 2242 1116 2265 :
1149 2226 1305 2265 valida.

401 2390 418 2408 ⁰
447 2386 483 2423 A
503 2385 672 2424 district
694 2385 742 2424 of
767 2386 928 2435 Egypt.

401 2438 415 2462 ⁶
444 2439 481 2477 A
503 2440 662 2489 species
684 2439 732 2478 of
748 2439 923 2485 dodder,
947 2438 1085 2477 which
1107 2438 1141 2477 is
1163 2438 1367 2488 parasitic
1388 2452 1443 2477 on
1463 2438 1587 2478 other
1608 2439 1764 2490 plants.

401 2499 413 2515 ⁶
440 2491 608 2542 Species
629 2491 678 2530 of
694 2493 744 2531 Μ
750 2492 932 2543 edicaqo,
955 2491 1184 2543 especially
1206 2492 1273 2531 M.
1295 2491 1481 2532 arborea.

351 2582 433 2625 174
