1909 2998
211 744 263 782 64

211 1066 262 1103 65

542 209 786 255 PLINY:
851 208 1182 255 NATURAL
1228 208 1525 256 HISTORY

295 337 362 382 ibi
398 336 634 383 decumas
670 337 767 382 deo
803 354 953 399 quem
989 343 1170 382 vocant
1205 335 1357 382 Sabin
1392 353 1642 392 mensura,
1678 353 1776 383 non

293 416 533 479 pondere,
562 416 849 463 sacerdotes
876 419 1099 480 capiunt,
1127 432 1221 462 nec
1249 423 1368 462 ante
1396 419 1605 462 mercari
1629 415 1776 470 licet3

294 497 410 543 inde
443 500 684 560 inpensae
719 496 952 560 publicae
984 496 1283 552 tolerantur,
1314 512 1431 542 nam
1471 503 1524 542 et
1558 496 1776 559 benigne

292 583 432 623 certo
473 577 669 623 dierum
711 593 919 623 numero
960 576 1084 623 deus
1125 575 1349 640 hospites
1388 579 1565 640 pascit.
1633 575 1776 622 evehi

294 674 394 703 non
415 665 587 720 potest
611 660 704 703 nisi
726 674 817 720 per
842 657 1173 712 Gebbanitas,
1196 660 1370 719 itaque
1395 664 1448 703 et
1471 655 1648 703 horum
1669 660 1777 720 regi

293 737 533 800 penditur
579 737 811 800 vectigal.
881 744 1035 801 caput
1082 754 1256 783 eorum
1300 736 1529 783 Thomna
1575 738 1720 783 abest
1748 754 1778 783 a

296 818 434 863 Gaza
469 821 625 864 nostri
661 818 819 864 litoris
855 820 906 863 in
946 818 1136 864 Iudaea
1172 817 1357 881 oppido
1397 811 1540 874 lffil
1583 834 1777 866 Lxxxvn

295 913 327 943 D
347 898 366 927 1
396 916 466 961 p.,
496 898 630 961 quod
659 898 898 944 dividitur
929 901 980 943 in
1015 901 1298 944 mansiones
1330 897 1634 944 camelorum
1668 913 1775 945 va.

295 986 412 1024 sunt
434 985 486 1025 et
508 996 637 1041 quae
659 979 1003 1025 sacerdotibus
1025 979 1210 1025 dantur
1229 981 1485 1042 portiones
1505 979 1777 1041 scribisque

292 1076 469 1122 regum
483 1066 672 1115 certae,
686 1059 776 1106 sed
789 1066 995 1122 praeter
1009 1067 1097 1105 nos
1116 1066 1169 1105 et
1183 1059 1417 1105 custodes
1432 1059 1777 1122 satellitesque

296 1146 349 1186 et
383 1142 573 1186 ostiarii
608 1147 661 1186 et
695 1142 909 1186 ministri
942 1139 1275 1203 populantur:
1327 1142 1428 1185 iam
1463 1156 1777 1202 quacumque

294 1222 393 1265 iter
429 1226 507 1266 est
545 1219 697 1265 aliubi
732 1237 823 1283 pro
861 1237 992 1282 aqua
1029 1220 1181 1265 aliubi
1216 1236 1307 1284 pro
1342 1220 1528 1283 pabulo
1565 1227 1653 1266 aut
1687 1237 1778 1284 pro

295 1301 634 1346 mansionibus
660 1303 908 1362 variisque
934 1303 1166 1364 portoriis
1192 1300 1440 1363 pendunt,
1467 1307 1523 1346 ut
1550 1307 1777 1364 sumptus

296 1383 346 1425 in
411 1380 630 1443 singulas
693 1380 909 1426 camelos
977 1381 1015 1426 Χ
1077 1395 1358 1426 DCLXLYVIII
1424 1380 1488 1426 ad
1551 1388 1775 1427 nostrum

295 1460 413 1507 litus
460 1461 681 1523 colligat,
716 1464 1003 1523 iterumque
1050 1463 1247 1524 imperii
1294 1463 1452 1506 nostri
1498 1460 1777 1524 publicanis

296 1541 548 1604 penditur.
617 1544 791 1604 itaque
834 1544 1012 1605 optimi
1055 1545 1182 1587 turis
1222 1541 1349 1586 libra
1389 1541 1428 1586 Χ
1469 1556 1519 1586 VI
1557 1544 1776 1605 pretium

296 1620 469 1677 habet,
495 1621 700 1667 secundi
729 1622 768 1667 ὅ(
796 1637 844 1676 v,
868 1625 1009 1667 tertii
1038 1622 1076 1667 Χ
1106 1637 1182 1667 111.
1242 1622 1518 1684 probatur2
1560 1621 1776 1667 candore

298 1718 353 1747 ac
377 1701 725 1764 pinguedine?
741 1700 1037 1764 fragilitate,
1057 1702 1273 1748 carbone
1300 1708 1356 1747 ut
1381 1704 1555 1748 statim
1581 1701 1776 1757 ardeat,

296 1786 419 1828 item
445 1799 507 1827 ne
534 1782 742 1828 dentem
767 1785 978 1845 recipiat
1001 1785 1270 1845 potiusque
1307 1785 1358 1826 in
1393 1785 1546 1828 micas
1583 1781 1775 1828 frietur.

298 1862 611 1908 adulteratur
636 1862 770 1925 apud
803 1879 891 1907 nos
924 1865 1120 1908 resinae
1153 1862 1400 1908 candidae
1433 1879 1637 1924 gemma
1666 1880 1778 1926 per-

298 1959 448 2004 quam
484 1942 647 1997 simili,
684 1942 774 1988 sed
809 1941 1209 2005 deprehenditur
1249 1943 1427 2005 quibus
1466 1942 1660 1988 dictum
1699 1950 1778 1989 est

297 2022 471 2068 modis.

391 2139 407 2162 ¹
437 2141 650 2179 Numerus
671 2140 782 2178 varie
801 2139 992 2178 traditur.

391 2193 405 2215 ²
437 2192 644 2243 probatur
675 2224 683 2233 .
716 2224 725 2233 .
759 2225 767 2233 .
798 2192 951 2232 frietur
965 2193 1029 2232 hic
1050 2192 1354 2243 Warminqton:
1387 2192 1500 2244 infra
1512 2198 1605 2244 post
1621 2192 1774 2233 modis.

394 2246 409 2268 ³
440 2260 489 2285 ac
509 2246 797 2297 pinguedine?
831 2246 1028 2297 Mayhoff
1042 2262 1050 2285 :
1083 2246 1383 2298 amplitudine.

353 2426 371 2443 ⁰
400 2420 489 2458 The
517 2421 699 2459 number
725 2422 759 2459 is
787 2420 1006 2470 variously
1025 2421 1152 2471 given
1174 2422 1216 2460 in
1238 2421 1312 2459 the
1333 2420 1477 2466 MSS.;
1507 2421 1581 2459 the
1601 2421 1777 2472 reading

296 2474 487 2524 adopted
502 2474 640 2512 works
660 2479 737 2512 out
758 2479 803 2513 at
819 2474 936 2525 daily
952 2479 1093 2524 stages
1113 2474 1162 2512 of
1176 2474 1323 2526 nearly
1339 2476 1390 2514 23
1412 2475 1583 2514 Roman
1603 2474 1778 2514 miles—

297 2527 417 2565 these
440 2540 547 2566 were
569 2541 594 2566 a
617 2527 728 2567 little
751 2528 918 2567 shorter
940 2527 1047 2566 than
1069 2541 1182 2567 ours.

296 2603 354 2659 46
