1909 2998
241 593 295 633 25

245 1371 295 1412 26

243 1806 295 1845 27

580 199 825 246 PLINY:
888 198 1217 245 NATURAL
1262 198 1558 246 HISTORY

328 330 548 389 attingat
576 325 776 380 animal,
805 342 861 371 ac
889 342 953 371 ne
981 324 1077 371 hae
1106 324 1310 387 quidem
1338 327 1378 371 si
1406 324 1541 371 aliud
1564 323 1805 388 pabulum

326 413 561 459 habeant.
630 411 723 458 hoc
762 428 960 475 quoque
998 414 1130 457 inter
1166 411 1359 473 reliqua
1395 410 1660 474 neglectae
1696 410 1807 458 reli-

327 502 485 562 gionis
512 506 588 545 cst
615 498 747 562 quod
773 506 1002 544 emortuo
1026 499 1242 544 carbone
1269 497 1588 544 sacrificatur.

393 585 546 632 Glans
576 584 725 648 fagea
749 601 890 631 suem
921 583 1129 631 hilarem
1158 584 1295 640 facit,
1320 600 1522 630 carnem
1549 583 1806 631 cocibilem

327 689 383 718 ac
407 672 570 718 levem
596 679 649 717 et
674 670 850 717 utilem
878 669 1155 726 stomacho,
1180 670 1334 734 iligna
1358 687 1498 717 suem
1524 678 1806 734 angustam,

326 776 424 805 non
448 759 467 788 1
534 758 762 814 nitidam,
830 760 1122 820 strigosam3
1200 757 1533 820 ponderosam
1601 774 1807 821 querna,

326 844 572 901 diffusam,
631 845 960 908 grandissima
980 843 999 873 ²
1059 851 1112 890 et
1170 847 1278 908 ipsa
1335 844 1592 907 glandium
1652 851 1805 908 atque

327 932 621 979 dulcissima.
688 934 968 995 proximam
994 929 1108 977 huic
1133 947 1356 977 cerream
1375 930 1534 977 tradit
1560 931 1807 995 Nigidius,

327 1036 419 1065 nec
457 1035 518 1064 ex
559 1018 654 1064 alia
691 1017 975 1064 solidiorem
1012 1034 1232 1073 carnem,
1269 1017 1359 1063 sed
1396 1017 1587 1063 duram.
1654 1017 1808 1081 iligna

327 1108 566 1168 temptari
588 1121 717 1160 sues,
740 1107 832 1150 nisi
853 1103 1099 1168 paulatim
1122 1104 1301 1160 detur3
1340 1102 1468 1150 hanc
1490 1107 1806 1151 novissimam

326 1192 521 1238 cadere.
589 1191 852 1255 fungosam
910 1207 1112 1237 carnem
1173 1190 1278 1237 fieri
1339 1190 1554 1247 aesculo,
1611 1191 1808 1247 robore,

330 1279 523 1325 subere.

392 1365 483 1411 IX.
523 1364 666 1423 Quae
690 1364 928 1429 glandem
953 1363 1122 1411 ferunt
1142 1381 1314 1410 omnes
1341 1371 1393 1411 et
1417 1363 1600 1428 gallam
1625 1363 1807 1412 altern-

328 1456 467 1515 isque
494 1455 633 1498 annis
655 1451 909 1515 glandem,
931 1451 1020 1498 sed
1041 1451 1227 1514 gallam
1248 1450 1465 1497 hemeris
1487 1454 1731 1515 optimam
1754 1459 1807 1498 et

326 1542 468 1585 coriis
501 1538 817 1602 perficiendis
843 1541 1181 1602 aptissimam;
1206 1538 1418 1584 similem
1442 1537 1556 1584 huic
1580 1537 1806 1594 latifolia,

326 1625 415 1672 sed
462 1625 700 1672 leviorem
748 1625 1007 1688 multoque
1055 1628 1216 1671 minus
1254 1624 1534 1688 probatam.
1615 1623 1714 1672 fert
1753 1632 1806 1672 et

328 1712 684 1776 nigram—duo
732 1715 865 1758 enim
914 1728 1102 1775 genera
1151 1718 1295 1766 sunt3
1345 1710 1469 1758 haec
1517 1712 1805 1775 tinguendis

327 1800 449 1845 lanis
486 1799 665 1845 utilior.
734 1801 953 1845 nascitur
986 1805 1158 1845 autem
1191 1798 1322 1862 galla
1357 1797 1460 1845 sole
1494 1797 1558 1845 de
1593 1801 1804 1862 geminis

328 1893 547 1933 exeunte
587 1902 851 1950 erumpens
890 1893 1044 1932 noctu
1079 1902 1278 1949 semper
1315 1888 1558 1932 universa.
1625 1888 1805 1932 crescit

329 1990 426 2019 uno
446 1973 527 2020 die
548 1972 807 2019 candidior
827 1979 897 2027 et,
917 1975 956 2018 si
978 1979 1122 2019 aestu
1144 1979 1360 2036 excepta
1380 1978 1474 2027 est,
1495 1974 1676 2018 arescit
1693 1988 1804 2036 pro·

327 2063 460 2106 tinus
498 2076 662 2122 neque
701 2059 765 2105 ad
801 2062 988 2105 iustum
1024 2062 1391 2105 incrementum
1426 2061 1674 2122 pervenit,
1711 2057 1804 2105 hoc

329 2153 406 2192 est
447 2153 503 2192 ut
544 2145 776 2192 nucleum
817 2145 965 2192 fabae
1006 2144 1355 2208 magnitudine
1395 2143 1597 2191 habeat.
1665 2147 1805 2208 nigra

502 2252 518 2276 ²
547 2265 633 2291 non
654 2252 747 2292 add.
770 2252 1007 2292 Raclcham:
1040 2252 1302 2292 innitidam?
1341 2252 1636 2302 Warminqton.

507 2307 521 2330 ²
552 2307 758 2345 Mueller:
788 2307 1053 2356 gravissima.

689 2467 707 2485 ⁶
734 2461 824 2500 The
845 2460 962 2500 MSS.
983 2462 1091 2500 omit
1112 2461 1198 2499 this
1218 2462 1430 2511 negative.

686 2513 702 2539 ⁶
729 2515 931 2554 Towards
952 2514 1025 2554 the
1045 2514 1128 2554 end
1149 2513 1198 2554 of
1212 2513 1340 2554 June.

331 2607 420 2648 404
