<?xml version="1.0" encoding="UTF-8"?>
<!DOCTYPE html PUBLIC "-//W3C//DTD XHTML 1.0 Transitional//EN"
    "http://www.w3.org/TR/xhtml1/DTD/xhtml1-transitional.dtd">
<html xmlns="http://www.w3.org/1999/xhtml" xml:lang="en" lang="en">
 <head>
  <title>
</title>
<meta http-equiv="Content-Type" content="text/html;charset=utf-8" />
  <meta name='ocr-system' content='tesseract 3.04.00' />
  <meta name='ocr-capabilities' content='ocr_page ocr_carea ocr_par ocr_line ocrx_word'/>
</head>
<body>
  <div class='ocr_page' id='page_1' title='image "./naturalhistory04plinuoft/naturalhistory04plinuoft_0038.png"; bbox 0 0 1909 2998; ppageno 0'>
   <div class='ocr_carea' id='block_1_1' title="bbox 201 1027 251 1066">
    <p class='ocr_par' dir='ltr' id='par_1_1' title="bbox 201 1027 251 1066">
     <span class='ocr_line' id='line_1_1' title="bbox 201 1027 251 1066; baseline 0.02 -1"><span class='ocrx_word' id='word_1_1' title='bbox 201 1027 251 1066; x_wconf 88' lang='grc'><strong>37</strong></span> 
     </span>
    </p>
   </div>
   <div class='ocr_carea' id='block_1_2' title="bbox 197 1987 249 2025">
    <p class='ocr_par' dir='ltr' id='par_1_2' title="bbox 197 1987 249 2025">
     <span class='ocr_line' id='line_1_2' title="bbox 197 1987 249 2025; baseline -0.019 0"><span class='ocrx_word' id='word_1_2' title='bbox 197 1987 249 2025; x_wconf 87' lang='grc'><strong>38</strong></span> 
     </span>
    </p>
   </div>
   <div class='ocr_carea' id='block_1_3' title="bbox 541 195 1522 243">
    <p class='ocr_par' dir='ltr' id='par_1_3' title="bbox 541 195 1522 243">
     <span class='ocr_line' id='line_1_3' title="bbox 541 195 1522 243; baseline 0.001 -1"><span class='ocrx_word' id='word_1_3' title='bbox 541 197 785 243; x_wconf 89' lang='lat' dir='ltr'><strong>PLINY:</strong></span> <span class='ocrx_word' id='word_1_4' title='bbox 850 195 1180 242; x_wconf 89' lang='lat' dir='ltr'>NATURAL</span> <span class='ocrx_word' id='word_1_5' title='bbox 1226 195 1522 243; x_wconf 90' lang='lat' dir='ltr'>HISTORY</span> 
     </span>
    </p>
   </div>
   <div class='ocr_carea' id='block_1_4' title="bbox 281 324 1774 2217">
    <p class='ocr_par' dir='ltr' id='par_1_4' title="bbox 285 324 1774 981">
     <span class='ocr_line' id='line_1_4' title="bbox 288 324 1774 388; baseline 0.001 -17"><span class='ocrx_word' id='word_1_6' title='bbox 288 328 664 371; x_wconf 88' lang='lat' dir='ltr'><strong>cumminosum.</strong></span> <span class='ocrx_word' id='word_1_7' title='bbox 736 324 1050 370; x_wconf 77' lang='lat' dir='ltr'><strong>adulteratur</strong></span> <span class='ocrx_word' id='word_1_8' title='bbox 1093 324 1362 388; x_wconf 90' lang='lat' dir='ltr'><strong>amygdala</strong></span> <span class='ocrx_word' id='word_1_9' title='bbox 1409 341 1554 380; x_wconf 86' lang='lat' dir='ltr'><strong>nuce,</strong></span> <span class='ocrx_word' id='word_1_10' title='bbox 1602 332 1774 372; x_wconf 86' lang='lat' dir='ltr'><strong>cetera</strong></span> 
     </span>
     <span class='ocr_line' id='line_1_5' title="bbox 287 411 1774 475; baseline 0 -17"><span class='ocrx_word' id='word_1_11' title='bbox 287 415 392 458; x_wconf 90' lang='lat' dir='ltr'><strong>eius</strong></span> <span class='ocrx_word' id='word_1_12' title='bbox 426 428 615 475; x_wconf 88' lang='lat' dir='ltr'><strong>genera</strong></span> <span class='ocrx_word' id='word_1_13' title='bbox 648 414 834 457; x_wconf 86' lang='lat' dir='ltr'><strong>cortice</strong></span> <span class='ocrx_word' id='word_1_14' title='bbox 872 419 925 458; x_wconf 87' lang='lat' dir='ltr'><strong>et</strong></span> <span class='ocrx_word' id='word_1_15' title='bbox 961 411 1342 457; x_wconf 87' lang='lat' dir='ltr'><strong>scordasti—ita</strong></span> <span class='ocrx_word' id='word_1_16' title='bbox 1377 418 1583 458; x_wconf 88' lang='lat' dir='ltr'><strong>vocatur</strong></span> <span class='ocrx_word' id='word_1_17' title='bbox 1629 413 1774 458; x_wconf 89' lang='lat' dir='ltr'><strong>arbor</strong></span> 
     </span>
     <span class='ocr_line' id='line_1_6' title="bbox 287 496 1773 561; baseline 0 -17"><span class='ocrx_word' id='word_1_18' title='bbox 287 499 483 545; x_wconf 88' lang='lat' dir='ltr'><strong>aemulo</strong></span> <span class='ocrx_word' id='word_1_19' title='bbox 525 501 722 545; x_wconf 85' lang='lat' dir='ltr'><strong>cummi.</strong></span> <span class='ocrx_word' id='word_1_20' title='bbox 792 497 882 544; x_wconf 92' lang='lat' dir='ltr'><strong>sed</strong></span> <span class='ocrx_word' id='word_1_21' title='bbox 923 496 1575 561; x_wconf 84' lang='lat' dir='ltr'><strong>deprehenduntur—quod</strong></span> <span class='ocrx_word' id='word_1_22' title='bbox 1615 498 1773 546; x_wconf 89' lang='lat' dir='ltr'><strong>semel</strong></span> 
     </span>
     <span class='ocr_line' id='line_1_7' title="bbox 286 585 1773 641; baseline 0.001 -11"><span class='ocrx_word' id='word_1_23' title='bbox 286 585 469 631; x_wconf 80' lang='lat' dir='ltr'>dixisse</span> <span class='ocrx_word' id='word_1_24' title='bbox 507 593 560 632; x_wconf 89' lang='lat' dir='ltr'><strong>et</strong></span> <span class='ocrx_word' id='word_1_25' title='bbox 597 589 648 631; x_wconf 91' lang='lat' dir='ltr'><strong>in</strong></span> <span class='ocrx_word' id='word_1_26' title='bbox 676 592 872 632; x_wconf 87' lang='lat' dir='ltr'><strong>ceteros</strong></span> <span class='ocrx_word' id='word_1_27' title='bbox 903 585 1080 631; x_wconf 91' lang='lat' dir='ltr'><strong>odores</strong></span> <span class='ocrx_word' id='word_1_28' title='bbox 1110 587 1231 630; x_wconf 91' lang='lat' dir='ltr'><strong>satis</strong></span> <span class='ocrx_word' id='word_1_29' title='bbox 1260 585 1563 640; x_wconf 86' lang='lat' dir='ltr'><strong>sit—odore,</strong></span> <span class='ocrx_word' id='word_1_30' title='bbox 1592 585 1773 641; x_wconf 90' lang='lat' dir='ltr'><strong>colore,</strong></span> 
     </span>
     <span class='ocr_line' id='line_1_8' title="bbox 285 670 1773 736; baseline 0.001 -19"><span class='ocrx_word' id='word_1_31' title='bbox 285 672 525 735; x_wconf 89' lang='lat' dir='ltr'><strong>pondere,</strong></span> <span class='ocrx_word' id='word_1_32' title='bbox 553 679 722 736; x_wconf 84' lang='lat' dir='ltr'><strong>gustu,</strong></span> <span class='ocrx_word' id='word_1_33' title='bbox 750 675 882 735; x_wconf 87' lang='lat' dir='ltr'><strong>igne.</strong></span> <span class='ocrx_word' id='word_1_34' title='bbox 953 670 1153 717; x_wconf 85' lang='lat' dir='ltr'><strong>Bactrio</strong></span> <span class='ocrx_word' id='word_1_35' title='bbox 1181 674 1314 717; x_wconf 85' lang='lat' dir='ltr'><strong>nitor</strong></span> <span class='ocrx_word' id='word_1_36' title='bbox 1340 674 1497 717; x_wconf 88' lang='lat' dir='ltr'><strong>siccus</strong></span> <span class='ocrx_word' id='word_1_37' title='bbox 1525 671 1773 735; x_wconf 87' lang='lat' dir='ltr'><strong>multique</strong></span> 
     </span>
     <span class='ocr_line' id='line_1_9' title="bbox 285 758 1773 822; baseline 0.001 -18"><span class='ocrx_word' id='word_1_38' title='bbox 285 758 485 805; x_wconf 91' lang='lat' dir='ltr'><strong>candidi</strong></span> <span class='ocrx_word' id='word_1_39' title='bbox 510 776 720 822; x_wconf 88' lang='lat' dir='ltr'><strong>ungues,</strong></span> <span class='ocrx_word' id='word_1_40' title='bbox 745 766 1012 821; x_wconf 85' lang='lat' dir='ltr'><strong>praeterea</strong></span> <span class='ocrx_word' id='word_1_41' title='bbox 1044 775 1189 804; x_wconf 90' lang='lat' dir='ltr'><strong>suum</strong></span> <span class='ocrx_word' id='word_1_42' title='bbox 1218 758 1414 821; x_wconf 90' lang='lat' dir='ltr'><strong>pondus</strong></span> <span class='ocrx_word' id='word_1_43' title='bbox 1447 775 1546 821; x_wconf 91' lang='lat' dir='ltr'><strong>quo</strong></span> <span class='ocrx_word' id='word_1_44' title='bbox 1575 763 1773 821; x_wconf 87' lang='lat' dir='ltr'><strong>gravius</strong></span> 
     </span>
     <span class='ocr_line' id='line_1_10' title="bbox 286 845 1772 908; baseline 0.001 -16"><span class='ocrx_word' id='word_1_45' title='bbox 286 862 394 892; x_wconf 92' lang='lat' dir='ltr'><strong>esse</strong></span> <span class='ocrx_word' id='word_1_46' title='bbox 444 854 533 893; x_wconf 86' lang='lat' dir='ltr'><strong>aut</strong></span> <span class='ocrx_word' id='word_1_47' title='bbox 581 846 737 893; x_wconf 88' lang='lat' dir='ltr'><strong>levius</strong></span> <span class='ocrx_word' id='word_1_48' title='bbox 788 863 887 892; x_wconf 88' lang='lat' dir='ltr'><strong>non</strong></span> <span class='ocrx_word' id='word_1_49' title='bbox 937 845 1140 892; x_wconf 87' lang='lat' dir='ltr'><strong>debeat.</strong></span> <span class='ocrx_word' id='word_1_50' title='bbox 1209 848 1431 908; x_wconf 87' lang='lat' dir='ltr'><strong>pretium</strong></span> <span class='ocrx_word' id='word_1_51' title='bbox 1480 848 1673 892; x_wconf 90' lang='lat' dir='ltr'><strong>sincero</strong></span> <span class='ocrx_word' id='word_1_52' title='bbox 1721 850 1772 893; x_wconf 92' lang='lat' dir='ltr'><strong>in</strong></span> 
     </span>
     <span class='ocr_line' id='line_1_11' title="bbox 286 933 604 981; baseline 0.009 -3"><span class='ocrx_word' id='word_1_53' title='bbox 286 933 434 979; x_wconf 89' lang='lat' dir='ltr'><strong>libras</strong></span> <span class='ocrx_word' id='word_1_54' title='bbox 461 935 500 981; x_wconf 69' lang='grc' dir='ltr'>Χ</span> <span class='ocrx_word' id='word_1_55' title='bbox 528 950 604 981; x_wconf 90' lang='lat'>111.</span> 
     </span>
    </p>

    <p class='ocr_par' dir='ltr' id='par_1_5' title="bbox 283 1019 1772 1939">
     <span class='ocr_line' id='line_1_12' title="bbox 347 1019 1772 1085; baseline 0.001 -18"><span class='ocrx_word' id='word_1_56' title='bbox 347 1021 459 1067; x_wconf 90' lang='lat' dir='ltr'><strong>XX.</strong></span> <span class='ocrx_word' id='word_1_57' title='bbox 499 1021 691 1068; x_wconf 92' lang='lat' dir='ltr'><strong>Gentes</strong></span> <span class='ocrx_word' id='word_1_58' title='bbox 725 1038 874 1085; x_wconf 83' lang='lat' dir='ltr'><strong>supra</strong></span> <span class='ocrx_word' id='word_1_59' title='bbox 911 1021 1071 1068; x_wconf 88' lang='lat' dir='ltr'><strong>dictas</strong></span> <span class='ocrx_word' id='word_1_60' title='bbox 1111 1019 1273 1068; x_wconf 92' lang='lat' dir='ltr'><strong>Persis</strong></span> <span class='ocrx_word' id='word_1_61' title='bbox 1307 1023 1531 1085; x_wconf 84' lang='lat' dir='ltr'><strong>attingit.</strong></span> <span class='ocrx_word' id='word_1_62' title='bbox 1603 1021 1772 1070; x_wconf 88' lang='lat' dir='ltr'><strong>Rubro</strong></span> 
     </span>
     <span class='ocr_line' id='line_1_13' title="bbox 285 1107 1772 1172; baseline 0.001 -19"><span class='ocrx_word' id='word_1_63' title='bbox 285 1111 427 1163; x_wconf 90' lang='lat' dir='ltr'><strong>mari,</strong></span> <span class='ocrx_word' id='word_1_64' title='bbox 453 1108 587 1170; x_wconf 92' lang='lat' dir='ltr'><strong>quod</strong></span> <span class='ocrx_word' id='word_1_65' title='bbox 610 1109 678 1154; x_wconf 92' lang='lat' dir='ltr'><strong>ibi</strong></span> <span class='ocrx_word' id='word_1_66' title='bbox 704 1107 959 1155; x_wconf 90' lang='lat' dir='ltr'><strong>Persicum</strong></span> <span class='ocrx_word' id='word_1_67' title='bbox 983 1112 1147 1154; x_wconf 89' lang='lat' dir='ltr'><strong>sinum</strong></span> <span class='ocrx_word' id='word_1_68' title='bbox 1164 1108 1183 1137; x_wconf 82' lang='lat'>1</span> <span class='ocrx_word' id='word_1_69' title='bbox 1221 1111 1522 1165; x_wconf 85' lang='lat' dir='ltr'><strong>vocavimus,</strong></span> <span class='ocrx_word' id='word_1_70' title='bbox 1546 1108 1696 1172; x_wconf 88' lang='lat' dir='ltr'><strong>longe</strong></span> <span class='ocrx_word' id='word_1_71' title='bbox 1720 1112 1772 1155; x_wconf 90' lang='lat' dir='ltr'><strong>in</strong></span> 
     </span>
     <span class='ocr_line' id='line_1_14' title="bbox 284 1195 1770 1260; baseline 0.003 -21"><span class='ocrx_word' id='word_1_72' title='bbox 284 1201 471 1240; x_wconf 86' lang='lat' dir='ltr'><strong>terram</strong></span> <span class='ocrx_word' id='word_1_73' title='bbox 487 1202 658 1242; x_wconf 90' lang='lat' dir='ltr'><strong>aestus</strong></span> <span class='ocrx_word' id='word_1_74' title='bbox 680 1202 869 1258; x_wconf 88' lang='lat' dir='ltr'><strong>agente</strong></span> <span class='ocrx_word' id='word_1_75' title='bbox 890 1199 1017 1241; x_wconf 90' lang='lat' dir='ltr'><strong>mira</strong></span> <span class='ocrx_word' id='word_1_76' title='bbox 1038 1195 1277 1241; x_wconf 87' lang='lat' dir='ltr'><strong>arborum</strong></span> <span class='ocrx_word' id='word_1_77' title='bbox 1297 1202 1482 1242; x_wconf 89' lang='lat' dir='ltr'><strong>natura</strong></span> <span class='ocrx_word' id='word_1_78' title='bbox 1502 1212 1514 1242; x_wconf 72' lang='lat' dir='ltr'><strong>t</strong></span> <span class='ocrx_word' id='word_1_79' title='bbox 1549 1211 1770 1260; x_wconf 88' lang='lat' dir='ltr'><strong>namque</strong></span> 
     </span>
     <span class='ocr_line' id='line_1_15' title="bbox 284 1282 1772 1345; baseline 0.001 -17"><span class='ocrx_word' id='word_1_80' title='bbox 284 1299 456 1328; x_wconf 92' lang='lat' dir='ltr'><strong>erosae</strong></span> <span class='ocrx_word' id='word_1_81' title='bbox 482 1282 603 1339; x_wconf 86' lang='lat' dir='ltr'><strong>sale,</strong></span> <span class='ocrx_word' id='word_1_82' title='bbox 629 1285 838 1329; x_wconf 90' lang='lat' dir='ltr'><strong>invectis</strong></span> <span class='ocrx_word' id='word_1_83' title='bbox 864 1282 1222 1345; x_wconf 77' lang='lat' dir='ltr'><strong>derelictisque</strong></span> <span class='ocrx_word' id='word_1_84' title='bbox 1248 1282 1451 1338; x_wconf 83' lang='lat' dir='ltr'><strong>similes,</strong></span> <span class='ocrx_word' id='word_1_85' title='bbox 1470 1285 1602 1329; x_wconf 91' lang='lat' dir='ltr'><strong>sicco</strong></span> <span class='ocrx_word' id='word_1_86' title='bbox 1625 1282 1772 1330; x_wconf 89' lang='lat' dir='ltr'><strong>litore</strong></span> 
     </span>
     <span class='ocr_line' id='line_1_16' title="bbox 284 1368 1771 1434; baseline 0.002 -20"><span class='ocrx_word' id='word_1_87' title='bbox 284 1368 531 1416; x_wconf 84' lang='lat' dir='ltr'><strong>radicibus</strong></span> <span class='ocrx_word' id='word_1_88' title='bbox 567 1369 712 1416; x_wconf 90' lang='lat' dir='ltr'><strong>nudis</strong></span> <span class='ocrx_word' id='word_1_89' title='bbox 747 1369 1045 1434; x_wconf 89' lang='lat' dir='ltr'>polyporum</span> <span class='ocrx_word' id='word_1_90' title='bbox 1085 1368 1235 1415; x_wconf 92' lang='lat' dir='ltr'><strong>modo</strong></span> <span class='ocrx_word' id='word_1_91' title='bbox 1276 1368 1541 1433; x_wconf 81' lang='lat' dir='ltr'><strong>amplexae</strong></span> <span class='ocrx_word' id='word_1_92' title='bbox 1576 1369 1771 1417; x_wconf 90' lang='lat' dir='ltr'><strong>steriles</strong></span> 
     </span>
     <span class='ocr_line' id='line_1_17' title="bbox 283 1454 1772 1520; baseline 0.002 -20"><span class='ocrx_word' id='word_1_93' title='bbox 283 1454 494 1502; x_wconf 89' lang='lat' dir='ltr'><strong>harenas</strong></span> <span class='ocrx_word' id='word_1_94' title='bbox 519 1464 828 1520; x_wconf 82' lang='lat' dir='ltr'><strong>spectantur.</strong></span> <span class='ocrx_word' id='word_1_95' title='bbox 892 1456 1104 1503; x_wconf 89' lang='lat' dir='ltr'><strong>eaedem</strong></span> <span class='ocrx_word' id='word_1_96' title='bbox 1130 1459 1255 1502; x_wconf 89' lang='lat' dir='ltr'><strong>mari</strong></span> <span class='ocrx_word' id='word_1_97' title='bbox 1282 1456 1586 1503; x_wconf 89' lang='lat' dir='ltr'><strong>adveniente</strong></span> <span class='ocrx_word' id='word_1_98' title='bbox 1612 1456 1772 1503; x_wconf 91' lang='lat' dir='ltr'><strong>flucti-</strong></span> 
     </span>
     <span class='ocr_line' id='line_1_18' title="bbox 283 1543 1771 1608; baseline 0.002 -20"><span class='ocrx_word' id='word_1_99' title='bbox 283 1544 374 1589; x_wconf 85' lang='lat' dir='ltr'><strong>bus</strong></span> <span class='ocrx_word' id='word_1_100' title='bbox 414 1543 648 1608; x_wconf 85' lang='lat' dir='ltr'><strong>pulsatae</strong></span> <span class='ocrx_word' id='word_1_101' title='bbox 695 1547 938 1590; x_wconf 85' lang='lat' dir='ltr'><strong>resistunt</strong></span> <span class='ocrx_word' id='word_1_102' title='bbox 986 1543 1296 1598; x_wconf 84' lang='lat' dir='ltr'><strong>immobiles3</strong></span> <span class='ocrx_word' id='word_1_103' title='bbox 1357 1546 1478 1606; x_wconf 91' lang='lat' dir='ltr'><strong>quin</strong></span> <span class='ocrx_word' id='word_1_104' title='bbox 1524 1551 1578 1590; x_wconf 87' lang='lat' dir='ltr'><strong>et</strong></span> <span class='ocrx_word' id='word_1_105' title='bbox 1621 1543 1771 1608; x_wconf 90' lang='lat' dir='ltr'><strong>pleno</strong></span> 
     </span>
     <span class='ocr_line' id='line_1_19' title="bbox 283 1626 1770 1694; baseline 0.002 -18"><span class='ocrx_word' id='word_1_106' title='bbox 283 1638 428 1677; x_wconf 90' lang='lat' dir='ltr'><strong>aestu</strong></span> <span class='ocrx_word' id='word_1_107' title='bbox 448 1635 745 1694; x_wconf 90' lang='lat' dir='ltr'><strong>operiuntur</strong></span> <span class='ocrx_word' id='word_1_108' title='bbox 760 1626 922 1687; x_wconf 84' lang='lat' dir='ltr'><strong>totae,</strong></span> <span class='ocrx_word' id='word_1_109' title='bbox 939 1631 1254 1694; x_wconf 88' lang='lat' dir='ltr'><strong>adparetque</strong></span> <span class='ocrx_word' id='word_1_110' title='bbox 1274 1648 1442 1677; x_wconf 92' lang='lat' dir='ltr'><strong>rerum</strong></span> <span class='ocrx_word' id='word_1_111' title='bbox 1461 1635 1770 1694; x_wconf 86' lang='lat' dir='ltr'><strong>argumentis</strong></span> 
     </span>
     <span class='ocr_line' id='line_1_20' title="bbox 283 1717 1772 1781; baseline 0.001 -18"><span class='ocrx_word' id='word_1_112' title='bbox 283 1721 557 1781; x_wconf 87' lang='lat' dir='ltr'><strong>asperitate</strong></span> <span class='ocrx_word' id='word_1_113' title='bbox 607 1735 850 1781; x_wconf 88' lang='lat' dir='ltr'><strong>aquarum</strong></span> <span class='ocrx_word' id='word_1_114' title='bbox 900 1718 1006 1764; x_wconf 89' lang='lat' dir='ltr'><strong>illas</strong></span> <span class='ocrx_word' id='word_1_115' title='bbox 1056 1718 1135 1763; x_wconf 89' lang='lat' dir='ltr'><strong>ali.</strong></span> <span class='ocrx_word' id='word_1_116' title='bbox 1206 1717 1504 1780; x_wconf 84' lang='lat' dir='ltr'><strong>magnitudo</strong></span> <span class='ocrx_word' id='word_1_117' title='bbox 1544 1718 1772 1765; x_wconf 89' lang='lat' dir='ltr'><strong>miranda</strong></span> 
     </span>
     <span class='ocr_line' id='line_1_21' title="bbox 283 1804 1770 1869; baseline 0.001 -18"><span class='ocrx_word' id='word_1_118' title='bbox 283 1812 377 1861; x_wconf 86' lang='lat' dir='ltr'><strong>est,</strong></span> <span class='ocrx_word' id='word_1_119' title='bbox 402 1809 593 1869; x_wconf 88' lang='lat' dir='ltr'><strong>species</strong></span> <span class='ocrx_word' id='word_1_120' title='bbox 621 1805 793 1852; x_wconf 90' lang='lat' dir='ltr'><strong>similis</strong></span> <span class='ocrx_word' id='word_1_121' title='bbox 820 1805 1058 1861; x_wconf 88' lang='lat' dir='ltr'><strong>unedoni,</strong></span> <span class='ocrx_word' id='word_1_122' title='bbox 1076 1821 1284 1869; x_wconf 90' lang='lat' dir='ltr'><strong>pomum</strong></span> <span class='ocrx_word' id='word_1_123' title='bbox 1310 1804 1589 1868; x_wconf 85' lang='lat' dir='ltr'><strong>amygdalis</strong></span> <span class='ocrx_word' id='word_1_124' title='bbox 1609 1813 1770 1863; x_wconf 87' lang='lat' dir='ltr'><strong>extra,</strong></span> 
     </span>
     <span class='ocr_line' id='line_1_22' title="bbox 283 1892 913 1939; baseline 0.002 -2"><span class='ocrx_word' id='word_1_125' title='bbox 283 1895 417 1939; x_wconf 90' lang='lat' dir='ltr'><strong>intus</strong></span> <span class='ocrx_word' id='word_1_126' title='bbox 442 1896 683 1939; x_wconf 88' lang='lat' dir='ltr'><strong>contortis</strong></span> <span class='ocrx_word' id='word_1_127' title='bbox 709 1892 913 1939; x_wconf 90' lang='lat' dir='ltr'><strong>nucleis.</strong></span> 
     </span>
    </p>

    <p class='ocr_par' dir='ltr' id='par_1_6' title="bbox 281 1979 1769 2217">
     <span class='ocr_line' id='line_1_23' title="bbox 345 1979 1768 2044; baseline 0.001 -19"><span class='ocrx_word' id='word_1_128' title='bbox 345 1980 485 2025; x_wconf 91' lang='lat' dir='ltr'>XXI.</span> <span class='ocrx_word' id='word_1_129' title='bbox 521 1979 678 2043; x_wconf 88' lang='lat' dir='ltr'><strong>Tyros</strong></span> <span class='ocrx_word' id='word_1_130' title='bbox 694 1979 713 2008; x_wconf 84' lang='lat'>2</span> <span class='ocrx_word' id='word_1_131' title='bbox 732 1979 892 2026; x_wconf 90' lang='lat' dir='ltr'><strong>insula</strong></span> <span class='ocrx_word' id='word_1_132' title='bbox 910 1983 961 2025; x_wconf 91' lang='lat' dir='ltr'><strong>in</strong></span> <span class='ocrx_word' id='word_1_133' title='bbox 980 1979 1161 2026; x_wconf 90' lang='lat' dir='ltr'><strong>eodem</strong></span> <span class='ocrx_word' id='word_1_134' title='bbox 1182 1982 1292 2026; x_wconf 90' lang='lat' dir='ltr'><strong>sinu</strong></span> <span class='ocrx_word' id='word_1_135' title='bbox 1312 1987 1407 2035; x_wconf 87' lang='lat' dir='ltr'><strong>est,</strong></span> <span class='ocrx_word' id='word_1_136' title='bbox 1423 1979 1620 2044; x_wconf 84' lang='lat' dir='ltr'><strong>repleta</strong></span> <span class='ocrx_word' id='word_1_137' title='bbox 1637 1979 1768 2027; x_wconf 89' lang='lat' dir='ltr'><strong>silvis</strong></span> 
     </span>
     <span class='ocr_line' id='line_1_24' title="bbox 283 2069 1769 2130; baseline 0.001 -18"><span class='ocrx_word' id='word_1_138' title='bbox 283 2083 381 2128; x_wconf 89' lang='lat' dir='ltr'><strong>qua</strong></span> <span class='ocrx_word' id='word_1_139' title='bbox 419 2074 618 2130; x_wconf 89' lang='lat' dir='ltr'><strong>spectat</strong></span> <span class='ocrx_word' id='word_1_140' title='bbox 665 2070 912 2113; x_wconf 86' lang='lat' dir='ltr'><strong>orientem</strong></span> <span class='ocrx_word' id='word_1_141' title='bbox 955 2083 1156 2129; x_wconf 88' lang='lat' dir='ltr'><strong>quaque</strong></span> <span class='ocrx_word' id='word_1_142' title='bbox 1198 2074 1251 2112; x_wconf 88' lang='lat' dir='ltr'><strong>et</strong></span> <span class='ocrx_word' id='word_1_143' title='bbox 1290 2069 1398 2130; x_wconf 92' lang='lat' dir='ltr'><strong>ipsa</strong></span> <span class='ocrx_word' id='word_1_144' title='bbox 1437 2074 1582 2113; x_wconf 91' lang='lat' dir='ltr'><strong>aestu</strong></span> <span class='ocrx_word' id='word_1_145' title='bbox 1620 2070 1769 2113; x_wconf 85' lang='lat' dir='ltr'><strong>maris</strong></span> 
     </span>
     <span class='ocr_line' id='line_1_25' title="bbox 281 2152 1767 2217; baseline 0.001 -19"><span class='ocrx_word' id='word_1_146' title='bbox 281 2152 614 2215; x_wconf 84' lang='lat' dir='ltr'><strong>perfunditur.</strong></span> <span class='ocrx_word' id='word_1_147' title='bbox 684 2153 981 2217; x_wconf 85' lang='lat' dir='ltr'><strong>magnitudo</strong></span> <span class='ocrx_word' id='word_1_148' title='bbox 1019 2152 1226 2215; x_wconf 87' lang='lat' dir='ltr'><strong>singulis</strong></span> <span class='ocrx_word' id='word_1_149' title='bbox 1265 2153 1522 2199; x_wconf 89' lang='lat' dir='ltr'><strong>arboribus</strong></span> <span class='ocrx_word' id='word_1_150' title='bbox 1560 2153 1656 2210; x_wconf 85' lang='lat' dir='ltr'><strong>fici,</strong></span> <span class='ocrx_word' id='word_1_151' title='bbox 1681 2152 1767 2200; x_wconf 90' lang='lat' dir='ltr'><strong>flos</strong></span> 
     </span>
    </p>
   </div>
   <div class='ocr_carea' id='block_1_5' title="bbox 595 2259 1450 2365">
    <p class='ocr_par' dir='ltr' id='par_1_7' title="bbox 595 2259 1450 2365">
     <span class='ocr_line' id='line_1_26' title="bbox 596 2259 1450 2311; baseline 0.001 -12"><span class='ocrx_word' id='word_1_152' title='bbox 596 2263 610 2285; x_wconf 83' lang='lat'>1</span> <span class='ocrx_word' id='word_1_153' title='bbox 641 2262 779 2300; x_wconf 85' lang='lat' dir='ltr'><strong>sinum</strong></span> <span class='ocrx_word' id='word_1_154' title='bbox 802 2261 929 2300; x_wconf 49' lang='lat' dir='ltr'><strong>add?</strong></span> <span class='ocrx_word' id='word_1_155' title='bbox 962 2260 1052 2299; x_wconf 85' lang='lat' dir='ltr'><strong>coll.</strong></span> <span class='ocrx_word' id='word_1_156' title='bbox 1077 2271 1120 2299; x_wconf 86' lang='lat' dir='ltr'><strong>VI</strong></span> <span class='ocrx_word' id='word_1_157' title='bbox 1147 2261 1222 2299; x_wconf 90' lang='lat'><strong>108</strong></span> <span class='ocrx_word' id='word_1_158' title='bbox 1245 2259 1450 2311; x_wconf 73' lang='lat' dir='ltr'><strong>Illayhoff.</strong></span> 
     </span>
     <span class='ocr_line' id='line_1_27' title="bbox 595 2315 887 2365; baseline -0.007 -10"><span class='ocrx_word' id='word_1_159' title='bbox 595 2315 610 2338; x_wconf 89' lang='lat'><em>²</em></span> <span class='ocrx_word' id='word_1_160' title='bbox 647 2315 724 2355; x_wconf 69' lang='lat' dir='ltr'><strong>VJ.</strong></span> <span class='ocrx_word' id='word_1_161' title='bbox 745 2315 887 2365; x_wconf 81' lang='lat' dir='ltr'><strong>Tylos.</strong></span> 
     </span>
    </p>
   </div>
   <div class='ocr_carea' id='block_1_6' title="bbox 285 2407 1764 2414">
    <p class='ocr_par' dir='ltr' id='par_1_8' title="bbox 285 2407 1764 2414">
     <span class='ocr_line' id='line_1_28' title="bbox 285 2407 1764 2414; baseline 0 0"><span class='ocrx_word' id='word_1_162' title='bbox 285 2407 1764 2414; x_wconf 71' lang='lat'><em>————————-——-—-—-———-——————-—</em></span> 
     </span>
    </p>
   </div>
   <div class='ocr_carea' id='block_1_7' title="bbox 554 2465 1498 2567">
    <p class='ocr_par' dir='ltr' id='par_1_9' title="bbox 554 2465 1498 2567">
     <span class='ocr_line' id='line_1_29' title="bbox 554 2465 1498 2560; baseline 0.003 -56"><span class='ocrx_word' id='word_1_163' title='bbox 554 2471 571 2489; x_wconf 67' lang='grc' dir='ltr'><em>α</em></span> <span class='ocrx_word' id='word_1_164' title='bbox 600 2466 674 2505; x_wconf 90' lang='lat' dir='ltr'><strong>VI.</strong></span> <span class='ocrx_word' id='word_1_165' title='bbox 700 2468 789 2558; x_wconf 49' lang='grc' dir='ltr'><strong>160Ιὲ</strong></span> <span class='ocrx_word' id='word_1_166' title='bbox 874 2520 909 2558; x_wconf 81' lang='grc' dir='ltr'>Β</span> <span class='ocrx_word' id='word_1_167' title='bbox 940 2518 989 2559; x_wconf 71' lang='lat' dir='ltr'><strong>hr</strong></span> <span class='ocrx_word' id='word_1_168' title='bbox 1018 2520 1026 2528; x_wconf 43' lang='lat'><strong>·</strong></span> <span class='ocrx_word' id='word_1_169' title='bbox 1117 2519 1139 2558; x_wconf 72' lang='lat' dir='ltr'>f</span> <span class='ocrx_word' id='word_1_170' title='bbox 1170 2465 1498 2560; x_wconf 44' lang='grc' dir='ltr'><strong>ἲ’ΞΙῙΨῘΙἯῚΘΕΞΓονθε.</strong></span> 
     </span>
     <span class='ocr_line' id='line_1_30' title="bbox 788 2531 1359 2567; baseline 0.005 -10"><span class='ocrx_word' id='word_1_171' title='bbox 788 2533 851 2558; x_wconf 88' lang='lat' dir='ltr'><strong>ow</strong></span> <span class='ocrx_word' id='word_1_172' title='bbox 913 2532 937 2558; x_wconf 87' lang='lat' dir='ltr'><strong>a</strong></span> <span class='ocrx_word' id='word_1_173' title='bbox 991 2533 1072 2567; x_wconf 88' lang='lat' dir='ltr'><strong>em,</strong></span> <span class='ocrx_word' id='word_1_174' title='bbox 1095 2531 1115 2556; x_wconf 81' lang='lat' dir='ltr'><strong>o</strong></span> <span class='ocrx_word' id='word_1_175' title='bbox 1139 2550 1147 2559; x_wconf 94' lang='lat'><strong>.</strong></span> <span class='ocrx_word' id='word_1_176' title='bbox 1235 2550 1244 2559; x_wconf 92' lang='lat'><strong><em>.</em></strong></span> <span class='ocrx_word' id='word_1_177' title='bbox 1349 2550 1359 2560; x_wconf 90' lang='lat'><strong>.</strong></span> 
     </span>
    </p>
   </div>
   <div class='ocr_carea' id='block_1_8' title="bbox 285 2595 341 2640">
    <p class='ocr_par' dir='ltr' id='par_1_10' title="bbox 285 2595 341 2640">
     <span class='ocr_line' id='line_1_31' title="bbox 285 2595 341 2640; baseline 0 0"><span class='ocrx_word' id='word_1_178' title='bbox 285 2595 341 2640; x_wconf 89' lang='lat'><strong>26</strong></span> 
     </span>
    </p>
   </div>
  </div>
 </body>
</html>
