1909 2998
246 530 296 569 63

246 921 299 957 64

577 200 824 247 PLINY:
888 200 1218 247 NATURAL
1264 200 1561 247 HISTORY

329 329 542 392 plurima
568 328 718 374 utilis.
787 344 848 374 ea
873 327 1078 390 quidem
1105 345 1234 391 quae
1262 328 1317 373 fit
1341 330 1392 373 in
1418 328 1509 375 Ida
1533 328 1737 377 Troadis
1761 332 1811 376 in

328 433 529 472 tantum
553 425 703 471 cedro
727 424 897 471 similis
922 431 978 470 ut
1002 432 1230 471 ementes
1255 424 1395 471 fallat
1417 428 1603 472 cortice
1627 426 1811 474 ablato.

332 524 510 569 Graeci
555 522 653 568 duo
697 538 886 585 genera
930 524 1035 568 eius
1079 521 1274 568 fecere:
1335 521 1537 586 longam
1581 523 1812 580 enodem,

330 620 539 666 alteram
560 620 764 665 brevem
786 618 1037 665 duriorem
1059 618 1444 682 fuscioremque‚
1464 619 1644 667 laureis
1665 620 1808 667 foliis.

328 717 601 764 bumeliam
622 723 802 762 vocant
823 719 874 761 in
899 715 1201 762 Macedonia
1223 716 1579 779 amplissimam
1600 717 1812 764 lentissi-

329 831 578 877 mamque.
648 813 730 859 alii
764 816 863 859 situ
898 813 1128 869 divisere,
1163 821 1499 877 campestrem
1535 817 1667 860 enim
1703 832 1811 862 esse

330 915 560 975 crispam,
595 918 887 957 montanam
923 914 1146 974 spissam.
1216 910 1334 956 folia
1369 927 1541 957 earum
1577 915 1812 959 iumentis

329 1008 603 1064 mortifera,
636 1011 817 1055 ceteris
850 1011 1211 1054 ruminantium
1244 1012 1458 1054 innocua
1492 1009 1672 1055 Graeci
1703 1027 1814 1073 pro-

329 1106 532 1161 didere;
608 1109 659 1151 in
720 1105 867 1152 Italia
928 1123 1020 1151 nec
1080 1109 1315 1152 iumentis
1376 1113 1574 1152 nocent.
1642 1113 1815 1153 contra

329 1211 588 1268 serpentes
613 1220 730 1249 vero
765 1220 881 1249 suco
917 1220 1151 1266 expresso
1187 1203 1250 1249 ad
1283 1210 1460 1267 potum
1496 1210 1549 1249 et
1583 1206 1815 1267 imposita

331 1301 482 1348 ulceri
507 1300 698 1365 opifera
724 1307 780 1347 ut
799 1301 818 1329 1
844 1299 964 1345 nihil
992 1317 1153 1363 aeque
1180 1304 1528 1364 reperiuntur3
1566 1307 1812 1364 tantaque

331 1407 408 1446 est
431 1402 501 1445 vis
525 1405 582 1444 ut
605 1415 667 1444 ne
692 1401 967 1444 matutinas
993 1398 1197 1460 quidem
1222 1398 1573 1444 occidentesve
1599 1399 1816 1454 umbras,

329 1514 442 1543 cum
471 1503 587 1542 sunt
615 1495 951 1558 longissimae,
980 1512 1185 1558 serpens
1215 1496 1402 1541 arboris
1432 1498 1536 1541 eius
1566 1495 1814 1558 adtingat,

331 1594 458 1640 adeo
512 1596 670 1656 ipsam
725 1592 895 1656 procul
952 1591 1129 1655 fugiat.
1199 1595 1395 1656 experti
1450 1592 1722 1655 prodimus,
1776 1595 1816 1639 si

331 1691 506 1737 fronde
558 1707 618 1737 ea
666 1689 1119 1736 circumcludantur
1138 1690 1156 1718 2
1199 1693 1325 1753 ignis
1370 1688 1457 1736 et3
1502 1706 1724 1753 serpens,
1766 1692 1816 1736 in

331 1792 472 1852 ignes
510 1790 677 1851 potius
719 1805 869 1850 quam
911 1790 960 1832 in
1002 1786 1250 1832 fraxinum
1293 1786 1468 1850 fugere
1509 1794 1814 1849 serpentem.

332 1889 456 1932 mira
495 1892 705 1931 naturae
745 1885 1029 1947 benignitas
1069 1887 1204 1947 prius
1245 1901 1396 1946 quam
1436 1883 1530 1929 hae
1568 1883 1817 1947 prodeant

334 1983 507 2029 florere
535 1981 784 2027 fraxinum
812 1999 904 2028 nec
931 1988 1051 2027 ante
1078 1981 1305 2027 conditas
1334 1981 1451 2026 folia
1477 1979 1764 2027 demittere.

399 2079 556 2126 XXV.
596 2078 653 2124 In
678 2079 786 2124 tilia
813 2096 919 2124 mas
946 2086 997 2124 et
1018 2077 1206 2123 femina
1231 2078 1468 2124 differunt
1492 2079 1625 2123 omni
1651 2077 1814 2124 modo.

332 2193 549 2239 namque
569 2183 622 2222 et
642 2179 880 2221 materies
901 2178 1050 2220 maris
1070 2175 1194 2220 dura
1214 2175 1461 2237 rufiorque
1482 2191 1539 2220 ac
1558 2173 1744 2221 nodosa
1764 2181 1815 2220 et

333 2275 600 2329 odoratior,
640 2280 811 2318 cortex
856 2289 1054 2335 quoque
1097 2275 1304 2317 crassior
1346 2288 1403 2317 ac
1446 2271 1702 2317 detractus
1744 2274 1814 2316 in-

720 2412 730 2434 ¹
767 2409 983 2459 Illayhoff:
1015 2423 1078 2448 ae.

720 2465 733 2486 ²
766 2463 984 2513 Maylmfs:
1017 2462 1391 2502 circumcludatur.

717 2519 731 2539 ³
764 2518 911 2555 —datur
930 2522 974 2555 et
994 2517 1080 2568 igni
1101 2516 1321 2566 Dellefsen.

335 2606 423 2660 428
