1909 2998
231 621 281 658 14

234 1275 283 1313 15

237 1931 287 1968 16

562 205 806 251 PLINY:
869 204 1199 251 NATURAL
1243 204 1540 252 HISTORY

311 332 437 378 ludis
481 334 675 378 ineunti
720 348 919 395 semper
963 331 1163 394 adsurgi
1209 334 1363 377 etiam
1409 332 1472 378 ab
1517 339 1696 379 senatu
1739 335 1787 379 in

311 442 448 472 more
486 432 579 481 est,
616 425 824 471 sedendi
861 427 935 470 ius
972 427 1022 470 in
1056 427 1284 488 proximo
1320 428 1546 480 senatui;
1596 429 1789 472 vacatio

312 535 574 564 munerum
624 521 845 564 omnium
894 520 987 580 ipsi
1034 521 1267 581 patrique
1318 525 1372 564 et
1421 535 1512 564 avo
1559 525 1788 582 paterno,

313 628 394 658 xlv
430 628 513 658 eas
550 615 744 675 accepit
779 609 963 657 Siccius
1000 611 1272 667 Dentatus,
1307 618 1365 658 ut
1406 611 1667 659 retulimus
1703 629 1792 659 suo

314 706 438 762 loco,
470 721 521 752 VI
556 705 881 769 Capitolinus,
914 708 954 750 is
989 704 1192 767 quidem
1226 711 1279 751 et
1312 704 1376 751 de
1410 704 1537 752 duce
1571 704 1789 752 Servilio.

314 798 576 845 Africanus
617 799 680 844 de
719 806 864 862 patre
905 801 1131 861 accipere
1172 798 1331 844 noluit
1370 799 1503 862 apud
1542 799 1789 846 Trebiam.

315 910 343 939 o
372 910 533 939 mores
563 900 794 938 aeternos
825 895 909 955 qui
938 898 1083 938 tanta
1112 908 1263 956 opera
1291 890 1478 938 honore
1508 892 1611 939 solo
1639 892 1791 939 dona—

315 990 477 1033 verint
504 993 574 1042 et,
599 1003 712 1032 cum
738 986 953 1048 reliquas
979 1001 1184 1031 coronas
1214 1002 1334 1031 auro
1362 985 1792 1041 commendarent,

315 1080 529 1126 salutem
561 1082 677 1125 civis
709 1082 758 1124 in
787 1082 953 1142 pretio
985 1095 1093 1125 esse
1125 1078 1393 1135 noluerint,
1424 1078 1554 1125 clare
1584 1078 1792 1143 professi

317 1191 379 1220 ne
404 1176 589 1220 servari
612 1172 813 1236 quidem
839 1171 1094 1218 hominem
1117 1171 1191 1218 fas
1216 1188 1323 1218 esse
1348 1172 1469 1218 lucri
1491 1173 1667 1219 causa!

381 1266 466 1313 VI.
504 1266 699 1312 Glande
729 1283 848 1329 opes
879 1283 1008 1311 nunc
1039 1282 1236 1328 quoque
1266 1265 1537 1312 multarum
1565 1269 1794 1329 gentium

317 1363 471 1407 etiam
531 1376 656 1424 pace
719 1359 1050 1422 gaudentium
1111 1365 1359 1405 constant.
1427 1375 1520 1405 nec
1581 1376 1681 1405 non
1743 1367 1796 1406 et

318 1457 484 1518 inopia
514 1453 713 1516 frugum
741 1452 972 1499 arefactis
1006 1452 1239 1498 emolitur
1263 1452 1423 1498 farina
1455 1455 1794 1516 spissaturque

319 1551 368 1593 in
413 1551 556 1611 panis
604 1561 777 1601 usum3
829 1549 949 1609 quin
996 1553 1049 1592 et
1096 1544 1346 1608 hodieque
1391 1562 1484 1610 per
1531 1545 1797 1610 Hispanias

317 1641 547 1687 secundis
585 1643 768 1686 mensis
806 1640 947 1703 glans
987 1642 1234 1686 inseritur.
1303 1639 1492 1685 dulcior
1530 1639 1709 1686 eadem
1747 1643 1798 1685 in

318 1738 484 1781 cinere
516 1742 666 1781 tosta.
748 1740 953 1779 cautum
991 1740 1068 1779 est
1097 1739 1365 1796 praeterea
1395 1733 1509 1796 lege
1544 1747 1615 1778 ΧΠ
1653 1733 1798 1779 tabu-

318 1828 476 1874 larum
511 1836 567 1874 ut
601 1827 837 1890 glandem
869 1830 920 1872 in
955 1827 1172 1872 alienum
1207 1826 1417 1872 fundum
1448 1825 1797 1890 procidentem

317 1922 491 1968 liceret
550 1921 798 1983 colligere.
866 1937 1054 1983 genera
1114 1936 1286 1965 earum
1345 1919 1532 1974 multa3
1608 1919 1799 1966 distant

320 2015 502 2071 fructu,
523 2018 640 2070 situ,
661 2031 802 2069 sexu,
824 2030 999 2077 sapore
1017 2028 1029 2068 ;
1069 2029 1286 2076 namque
1310 2013 1406 2059 alia
1427 2012 1607 2076 fageae
1628 2012 1798 2076 glandi

320 2109 494 2172 figura,
518 2124 737 2171 quernae
762 2107 857 2152 alia
890 2114 943 2153 et
965 2106 1167 2169 ilignae,
1191 2113 1344 2170 atque
1367 2109 1499 2153 inter
1521 2122 1574 2152 se
1599 2122 1798 2169 quoque

319 2219 561 2265 generum
612 2201 916 2264 singulorum
967 2199 1295 2246 differentiae,
1368 2207 1635 2263 praeterea
1685 2206 1800 2245 sunt

321 2296 516 2358 aliquae
588 2295 853 2350 silvestres,
914 2293 1040 2339 aliae
1109 2293 1404 2357 placidiores
1474 2309 1603 2355 quae
1667 2291 1801 2339 culta

377 2469 395 2488 ⁶
424 2461 680 2501 Hannibal's
703 2460 858 2500 second
883 2461 1049 2512 victory
1072 2460 1115 2499 in
1138 2459 1211 2499 the
1234 2458 1328 2499 first
1348 2472 1450 2511 year
1473 2460 1522 2498 of
1540 2459 1613 2498 the
1635 2457 1800 2498 Second

312 2518 447 2555 Punic
468 2517 583 2561 war,
607 2515 686 2554 218
708 2525 792 2553 Β.Ο.

322 2594 411 2652 396
