1909 2998
240 437 292 476 78

240 901 292 941 79

240 1233 293 1273 80

578 172 822 220 PLINY:
886 172 1215 219 NATURAL
1260 171 1557 219 HISTORY

324 302 518 345 seritur.
587 298 682 346 fuit
733 307 786 346 et
837 307 954 346 ante
1007 299 1204 345 Saturni
1257 299 1436 345 aedem
1487 299 1622 345 urbis
1674 315 1804 344 anno

324 381 438 411 CCLx
458 366 476 395 1
513 366 710 412 sublata
741 383 879 412 sacro
915 383 943 411 a
978 366 1261 412 Vestalibus
1293 365 1445 420 facto,
1470 382 1584 411 cum
1619 364 1802 411 Silvani

326 432 642 478 simulacrum
677 433 1008 478 subverteret.
1076 432 1256 478 eadem
1292 431 1500 477 fortuito
1534 438 1648 477 satu
1682 433 1804 477 vivit

324 501 375 543 in
425 498 592 544 medio
642 497 765 554 foro,
817 515 915 560 qua
965 498 1182 544 sidentia
1230 501 1425 560 imperii
1475 497 1805 544 fundamenta

325 571 526 610 ostento
554 563 695 610 fatali
723 565 923 611 Curtius
951 567 1180 610 maximis
1206 565 1366 618 bonis,
1393 563 1486 610 hoc
1513 571 1592 610 est
1617 566 1803 610 virtute

325 647 382 676 ac
419 633 616 693 pietate
657 648 715 677 ac
754 638 916 677 morte
954 631 1228 694 praeclara,
1269 630 1575 693 expleverat.
1644 646 1804 692 aeque

326 696 535 743 fortuita
555 697 735 744 eodem
753 697 862 743 loco
882 704 959 743 est
975 701 1104 753 vitis,
1124 704 1277 760 atque
1295 697 1404 742 olea
1420 697 1625 742 umbrae
1642 699 1805 759 gratia

325 763 596 810 sedulitate
641 764 842 827 plebeia
883 764 1030 810 sata.2
1097 780 1181 809 ara
1222 763 1338 809 inde
1381 763 1578 809 sublata
1619 762 1806 825 gladia-

325 833 453 876 torio
469 847 678 876 munere
695 831 794 877 divi
812 830 906 876 Iuli
923 830 1056 893 quod
1071 833 1334 876 novissime
1350 832 1593 892 pugnavit
1611 832 1662 874 in
1681 828 1802 875 foro.

388 896 528 943 XXI.
567 897 886 943 Admirabilis
907 904 984 943 est
1001 899 1138 960 pomi
1157 895 1365 942 huiusce
1384 895 1642 942 festinatio
1661 898 1804 941 unius

324 965 374 1007 in
403 966 592 1009 cunctis
623 964 687 1010 ad
718 966 1066 1010 maturitatem
1093 965 1407 1026 properantis
1439 970 1546 1008 arte
1577 969 1802 1008 naturae.

323 1030 581 1092 caprificus
614 1037 820 1076 vocatur
852 1047 879 1076 e
913 1029 1124 1076 silvestri
1156 1046 1343 1092 genere
1378 1029 1496 1075 ficus
1530 1045 1804 1091 numquam

323 1103 682 1152 maturescens,
713 1096 803 1143 sed
833 1097 967 1158 quod
995 1099 1104 1159 ipsa
1133 1113 1232 1142 non
1262 1095 1419 1142 habet
1448 1095 1530 1141 alii
1561 1096 1804 1150 tribuens,

324 1165 559 1224 quoniam
588 1170 665 1209 est
697 1163 935 1209 naturalis
963 1179 1224 1208 causarum
1250 1165 1487 1208 transitus
1517 1178 1678 1224 aeque
1698 1160 1718 1189 ³
1747 1168 1803 1206 ut

323 1244 350 1274 e
389 1230 796 1292 putrescentibus
838 1229 1149 1292 generatur⁴²
1192 1228 1393 1291 aliquid.
1461 1245 1582 1291 ergo
1625 1227 1806 1273 culices

321 1298 470 1358 parit,
505 1295 555 1341 hi
590 1295 808 1342 fraudati
850 1296 1088 1342 alimento
1122 1298 1173 1340 in
1207 1302 1369 1341 matre
1417 1311 1443 1341 e
1467 1294 1487 1324 ⁵
1523 1297 1659 1358 putri
1701 1297 1805 1340 eius

323 1362 442 1408 tabe
468 1363 531 1408 ad
553 1370 822 1425 cognatam
846 1362 1064 1417 evolant,
1088 1378 1354 1424 morsuque
1381 1360 1589 1407 ficorum
1613 1361 1804 1416 crebro,

323 1427 416 1474 hoc
447 1436 524 1475 est
553 1429 771 1475 avidiore
799 1429 991 1492 pastu,6
1017 1432 1302 1492 aperientes
1333 1444 1419 1474 ora
1447 1444 1623 1474 earum
1652 1434 1804 1489 atque

324 1497 396 1540 ita
429 1503 758 1558 penetrantes
795 1499 929 1541 intus
967 1496 1123 1541 solem
1156 1498 1318 1558 primo
1355 1511 1524 1540 secum
1560 1493 1804 1540 inducunt

322 1562 630 1625 cerialesque
664 1579 806 1608 auras
839 1565 1103 1608 inmittunt
1135 1560 1321 1607 foribus
1349 1561 1617 1623 adapertis.
1684 1576 1801 1606 mox

321 1627 540 1674 lacteum
560 1646 801 1684 umorem,
820 1627 914 1675 hoc
934 1636 1011 1675 est
1035 1627 1300 1674 infantiam
1317 1627 1495 1690 pomi‚⁷
1516 1628 1803 1682 absumunt,

385 1732 400 1755 1
430 1742 541 1771 00Lx
561 1731 655 1771 add.
677 1731 765 1771 edd.
1184 1731 1199 1755 ²
1229 1730 1468 1769 Rackham:
1499 1732 1637 1769 satae.

383 1784 399 1808 ⁸
429 1785 635 1837 Detlefsen
655 1787 805 1836 (atque
825 1790 897 1825 aut
916 1785 1051 1835 fitque
1071 1782 1170 1834 alii)
1187 1799 1195 1823 ε
1234 1797 1329 1834 que.

383 1839 397 1861 ‘¹
433 1838 533 1878 Edd.
555 1854 564 1878 ε
594 1840 807 1890 gignatur.
1189 1837 1204 1861 ⁵
1236 1850 1258 1876 e
1278 1836 1371 1876 add.
1392 1836 1618 1876 Rackham.

386 1892 400 1914 ⁶
432 1892 530 1941 [hoo
561 1922 570 1932 .
603 1922 614 1932 .
646 1922 656 1932 .
687 1894 867 1943 pastu]?
899 1891 1125 1931 Rackham.

387 1946 400 1968 ⁷
431 1945 530 1995 [hoc
560 1975 570 1985 .
602 1976 613 1986 .
645 1976 655 1985 .
685 1948 853 1997 pomi]?
885 1945 1110 1985 Racklzam.

375 2086 390 2104 ⁰
422 2082 475 2121 In
494 2082 573 2121 362
591 2095 674 2122 B.C.
693 2096 718 2120 a
736 2082 882 2121 ehasm
900 2082 1065 2132 opened
1082 2082 1125 2121 in
1142 2081 1215 2120 the
1232 2081 1390 2127 forum,
1407 2079 1547 2120 which
1563 2079 1638 2119 the
1655 2078 1800 2119 sooth-

328 2148 472 2185 sayers
494 2135 586 2174 said
615 2137 741 2175 could
767 2136 870 2186 only
898 2135 949 2174 be
975 2135 1094 2174 filled
1121 2135 1178 2185 by
1203 2134 1417 2184 throwing
1444 2135 1536 2173 into
1564 2134 1600 2172 it
1628 2133 1801 2172 Rome’s

330 2193 519 2238 greatest
539 2193 745 2228 treasure.
805 2189 863 2228 M.
886 2189 1058 2228 Curtius
1079 2188 1287 2227 mounted
1309 2187 1373 2226 his
1395 2188 1518 2226 horse
1540 2186 1625 2225 and
1650 2186 1802 2236 leaped

330 2243 421 2280 into
441 2242 490 2287 it,
513 2242 599 2280 and
619 2241 693 2281 the
714 2242 838 2281 earth
862 2242 1002 2281 closed
1023 2254 1126 2280 over
1146 2240 1248 2279 him.
1294 2240 1383 2279 The
1403 2244 1504 2291 spot
1520 2252 1605 2277 was
1623 2239 1802 2278 marked

328 2295 386 2345 by
406 2295 630 2388 aveiIrcular
650 2300 895 2347 pavement,
914 2295 1000 2334 and
1021 2294 1154 2334 called
1174 2293 1248 2334 the
1269 2293 1407 2332 Lacus
1427 2293 1599 2333 Curtius
1617 2293 1744 2344 (Livy
1765 2293 1799 2332 I.

380 2401 396 2426 ὁ
424 2401 513 2441 The
533 2401 684 2453 cynips
704 2414 867 2452 psenes.

382 2461 395 2477 ⁰
423 2454 497 2493 I.e.
520 2467 544 2492 a
566 2454 802 2493 cultivated
821 2453 890 2504 fig.

377 2507 403 2538 d.
418 2516 427 2531 ⁶
459 2508 596 2547 These
616 2513 703 2548 two
725 2508 888 2548 clauses
911 2508 1005 2547 look
1028 2508 1114 2547 like
1134 2507 1480 2558 interpolatione.

329 2588 413 2631 342
