1909 2998
552 189 795 236 PLINY:
859 189 1188 236 NATURAL
1233 189 1529 236 HISTORY

298 316 460 380 palae,
519 334 668 381 pomo
728 320 943 363 arienae.
1010 315 1225 380 plurima
1285 324 1363 363 est
1421 319 1473 362 in
1531 315 1778 381 Sydracis,

300 393 677 456 expeditionum
705 392 978 439 Alexandri
1003 395 1234 439 termino.
1305 400 1382 439 est
1408 401 1461 440 et
1487 393 1584 439 alia
1609 393 1778 439 similis

299 469 429 525 huic,
481 469 669 515 dulcior
719 487 885 533 pomo,
938 469 1026 515 sed
1079 472 1452 515 interaneorum
1504 469 1778 516 valetudini

300 545 510 600 infesta3
547 546 775 592 edixerat
806 546 1095 592 Alexander
1126 562 1188 592 ne
1226 549 1334 608 quis
1372 548 1583 609 agminis
1619 548 1693 592 sui
1728 545 1779 592 id

299 639 502 685 pomum
527 626 819 685 attingeret.

215 706 266 743 25
355 698 501 744 XIII.
535 699 734 745 Genera
748 700 979 745 arborum
995 698 1303 745 Macedones
1318 716 1580 745 narravere
1594 701 1778 745 maiore

300 791 362 820 ex
393 782 537 838 parte
574 779 679 821 sine
718 777 1013 821 nominibus.
1084 783 1161 822 est
1197 783 1250 822 et
1285 775 1575 822 terebintho
1611 775 1779 821 similis

297 859 485 905 cetera,
539 869 686 914 pomo
747 851 1040 915 amygdalis,
1094 855 1283 898 minore
1337 859 1537 898 tantum
1590 855 1780 914 magni—

299 927 492 982 tudine,
546 931 846 991 praecipuae
903 931 1181 984 suavitatis,
1236 932 1286 973 in
1340 927 1532 974 Bactris
1587 931 1778 991 utique.

299 1003 426 1050 hanc
463 1004 612 1067 aliqui
651 1004 975 1051 terebinthon
1013 1021 1120 1051 esse
1157 1008 1343 1069 proprii
1380 1007 1578 1068 generis
1614 1007 1780 1068 potius

300 1097 450 1142 quam
472 1081 683 1127 similem
707 1084 753 1127 ei
774 1088 1097 1144 putaverunt.
1167 1081 1256 1127 sed
1280 1081 1413 1127 unde
1437 1088 1603 1127 vestes
1624 1080 1780 1127 lineas

299 1155 489 1203 faciunt
524 1155 653 1203 foliis
688 1174 827 1203 moro
861 1157 1049 1213 similis,
1082 1157 1253 1220 calyce
1285 1161 1420 1220 pomi
1455 1155 1778 1220 cynorrhodO.

299 1240 471 1279 serunt
519 1249 632 1279 eam
678 1236 730 1279 in
776 1237 982 1297 campis,
1031 1250 1123 1279 nec
1171 1240 1249 1280 est
1296 1236 1484 1296 gratior
1532 1232 1779 1279 ullarum1

295 1317 603 1371 prospectus.

215 1392 266 1429 26
361 1385 496 1431 XIV.
535 1385 679 1432 Oliva
731 1386 905 1432 Indiae
950 1386 1131 1433 sterilis
1179 1393 1536 1451 praeterquam
1580 1385 1778 1432 oleastri

299 1461 502 1508 fructus.
571 1466 756 1526 passim
792 1480 908 1509 vero
947 1480 1075 1525 quae
1113 1466 1258 1526 piper
1293 1466 1508 1526 gignunt
1544 1465 1779 1526 iuniperis

299 1542 477 1584 nostris
507 1539 707 1596 similes,
735 1556 1041 1602 quamquam
1064 1542 1114 1585 in
1148 1539 1313 1585 fronte
1353 1539 1560 1585 Caucasi
1596 1539 1779 1585 solibus

298 1618 526 1678 opposita
554 1618 691 1678 gigni
722 1622 923 1661 tantum
953 1633 1037 1661 eas
1068 1615 1219 1678 aliqui
1249 1615 1521 1661 tradidere.
1590 1618 1781 1661 semina

298 1707 327 1736 a
348 1694 573 1754 iunipero
596 1692 786 1737 distant
808 1692 1025 1755 parvulis
1049 1692 1255 1754 siliquis,
1280 1692 1451 1754 quales
1474 1695 1525 1737 in
1544 1690 1779 1755 phasiolis

297 1767 521 1814 videmus
539 1784 550 1822 ;
588 1767 682 1814 hae
703 1772 993 1831 priusquam
1014 1768 1276 1814 dehiscant
1298 1768 1572 1831 decerptae
1592 1775 1779 1814 tostae-

298 1860 394 1906 que
426 1844 527 1890 sole
560 1844 750 1890 faciunt
782 1846 914 1907 quod
946 1852 1153 1890 vocatur
1182 1848 1327 1908 piper
1357 1844 1579 1907 longum,
1608 1844 1779 1908 paula-

297 1923 389 1965 tim
411 1937 527 1966 vero
550 1920 868 1967 dehiscentes
892 1924 1189 1966 maturitate
1213 1920 1488 1966 ostendunt
1511 1920 1777 1966 candidum

296 2000 455 2059 piper,
495 1997 627 2060 quod
667 1997 851 2043 deinde
891 2005 1081 2043 tostum
1120 1997 1303 2043 solibus
1343 1997 1505 2043 colore
1543 2000 1778 2060 rugisque

214 2080 263 2116 27
298 2080 537 2119 mutatur.
608 2090 779 2118 verum
814 2081 865 2119 et
899 2072 973 2118 his
1008 2090 1096 2118 sua
1129 2076 1307 2118 iniuria
1341 2081 1435 2129 est,
1469 2080 1622 2135 atque
1654 2073 1777 2119 caeli

582 2201 595 2224 ¹
634 2200 710 2239 VJ,
735 2200 947 2246 villarum,
970 2201 1201 2239 Pintianus
1223 2201 1460 2240 vinearum.

479 2396 496 2414 ⁰
525 2391 613 2430 The
637 2390 820 2431 banana.

483 2444 498 2468 ⁶
530 2444 717 2495 Perhaps
737 2444 811 2483 the
831 2448 1091 2483 cotton-trec
1103 2459 1113 2491 ;
1143 2456 1213 2482 see
1232 2443 1321 2482 also
1343 2444 1381 2493 ἓξ
1403 2445 1553 2483 38-39.

483 2505 497 2521 ⁰
525 2498 614 2537 The
635 2510 760 2537 name
782 2496 879 2537 here
898 2497 1077 2538 denotas
1097 2496 1172 2537 the
1193 2497 1341 2537 Hindu
1364 2496 1501 2538 Kush.

303 2574 357 2618 18
