1940 2998
600 215 806 261 l'LINY
832 231 842 260 z
906 214 1236 260 NATURAL
1280 213 1574 260 HISTORY

346 361 443 405 que
464 345 833 405 erumpentium
856 345 1075 387 amnium
1096 345 1312 405 impetus
1332 344 1549 404 riparum
1571 341 1719 388 modo
1734 342 1753 371 ¹
1773 345 1822 388 in

345 416 507 462 tutela
536 420 658 461 ruris
689 417 940 461 excubent
970 418 1018 460 in
1048 432 1178 478 aqua
1206 422 1346 460 satae
1377 414 1595 471 densius,
1623 431 1822 461 caesae-

347 506 442 552 que
459 490 477 518 2
501 492 761 534 innumero
786 488 971 534 herede
996 492 1201 551 prosint.

244 569 321 608 174
408 562 643 608 LXVIII.
681 561 851 607 Salicis
868 560 1336 624 utilitatumssplura
1351 578 1553 624 genera.
1604 577 1821 625 namque

346 643 398 682 et
423 639 473 681 in
498 638 856 698 proceritatem
883 651 1119 698 magnam
1145 637 1386 680 emittunt
1413 637 1539 697 iugis
1566 638 1820 681 vinearum

346 712 559 772 perticas
589 707 916 772 pariterque4
946 708 1116 754 balteo
1147 710 1344 754 corticis
1375 707 1586 763 vincula,
1613 716 1665 754 et
1696 708 1822 754 aliae

346 787 506 845 virgas
542 798 780 844 sequaces
818 781 880 827 ad
917 784 1165 827 vincturas
1201 781 1449 836 leutitiae,
1483 780 1648 827 aliae⁵
1680 798 1823 845 prae-

345 864 524 902 tenues
584 855 845 900 viminibus
904 855 1137 900 texendis
1201 854 1462 917 spectabili
1528 854 1824 910 subtilitate,

346 946 510 975 rursus
550 928 675 974 aliae
716 928 954 974 firmiores
992 928 1222 973 corbibus
1262 944 1319 973 ac
1356 927 1599 988 plurimae
1639 931 1825 991 agrico-

347 1003 504 1048 larum
534 1001 847 1063 supellectili,
876 1001 1189 1047 candidiores
1220 1000 1388 1046 ablato
1415 1004 1599 1047 cortice
1628 1001 1824 1064 levique

345 1083 566 1122 tractatu
603 1075 959 1138 amplioribus.6
995 1077 1121 1120 vasis
1158 1074 1346 1136 quam7
1380 1081 1437 1120 ut
1473 1091 1500 1120 e
1535 1078 1667 1120 corio
1703 1074 1825 1121 fiant

347 1148 568 1204 eadem,⁸
606 1155 759 1211 atque
801 1151 956 1194 etiam
997 1151 1285 1211 supinarum
1325 1150 1375 1192 in
1415 1147 1617 1193 delicias
1656 1146 1825 1194 cathe-

241 1229 316 1268 175
341 1223 541 1268 drarusn
589 1225 893 1283 aptissimae.
961 1221 1154 1267 caedua
1201 1221 1337 1267 salici
1384 1220 1616 1267 fertilitas
1663 1221 1826 1267 densi-

347 1312 499 1358 orque
540 1302 746 1341 tonsura
786 1311 849 1341 ex
889 1295 1027 1340 brevi
1065 1311 1237 1357 pugno
1277 1296 1439 1340 verius
1480 1311 1630 1357 quam
1670 1311 1824 1350 ramo,

348 1386 462 1424 non,
488 1375 544 1414 ut
570 1385 752 1424 remur,
778 1371 827 1413 in
854 1371 1129 1414 novissimis
1154 1367 1374 1413 curanda
1400 1368 1602 1414 arbore:
1646 1367 1823 1414 nullius

346 1445 530 1505 quippe
584 1444 740 1487 tutior
790 1441 981 1487 reditus
1036 1448 1112 1486 est
1166 1443 1427 1486 minorisve
1481 1441 1685 1504 inpendi
1738 1448 1824 1486 aut

345 1518 727 1578 tempestatium
751 1517 980 1561 securior.

241 1595 317 1633 176
406 1588 587 1634 LXIX.
626 1588 851 1633 Tertium
870 1587 1033 1633 locum
1054 1589 1100 1633 ei
1120 1590 1169 1632 in
1187 1590 1539 1633 aestimatione
1559 1590 1682 1633 ruris
1700 1587 1824 1633 Cato

346 1662 586 1707 adtribuit
599 1665 916 1724 prioremque
932 1677 1082 1722 quam
1097 1660 1291 1706 olivetis
1308 1676 1558 1722 quamque
1573 1660 1824 1706 frumento

347 1742 435 1780 aut
462 1737 778 1797 pratis-—nec
805 1737 921 1796 quia
946 1733 1112 1778 desint
1143 1733 1239 1778 alia
1264 1733 1474 1788 vincula,
1501 1733 1747 1795 siquidem
1772 1741 1823 1779 et

341 1811 569 1870 genistae
606 1814 659 1853 et
692 1807 864 1870 populi
902 1814 955 1852 et
993 1806 1108 1852 ulmi
1147 1814 1201 1852 et
1235 1809 1497 1869 sanguinei
1532 1805 1736 1852 frutices
1771 1815 1823 1853 et

345 1880 565 1926 betullae
609 1888 661 1926 et
705 1879 932 1925 harundo
976 1879 1089 1925 fissa
1132 1887 1183 1924 et
1226 1878 1561 1925 harundinum
1599 1878 1732 1935 folia,
1767 1887 1824 1926 ut

346 1957 395 1999 in
450 1954 669 2016 Liguria,
725 1961 777 1999 et
831 1956 942 1998 vitis
998 1956 1104 2016 ipsa
1160 1955 1426 2014 recisisque
1481 1952 1662 1998 aculeis
1715 1954 1822 1998 rubi

411 2103 422 2125 ¹
464 2101 771 2151 Warminqccm:
804 2112 938 2138 muro.

407 2156 421 2178 ²
456 2155 649 2193 Urlichs:
682 2166 911 2204 caesasque
931 2154 1116 2191 densim.

406 2209 421 2230 ³
451 2208 722 2247 utilitatum?
755 2207 1075 2257 Mayhoff(ipse
1096 2208 1246 2255 etiam)
1267 2222 1275 2245 :
1307 2207 1471 2246 statim.

409 2263 423 2284 ⁴
453 2259 687 2310 Detlefsen:
711 2262 984 2311 pariuntque.

407 2315 421 2337 ⁵
452 2314 587 2354 1¹]de
619 2314 737 2353 alias.

406 2370 421 2391 ⁶
451 2368 760 2418 amplioribus?
799 2366 995 2417 Mayhoff
1026 2366 1133 2416 (ipse
1164 2366 1441 2415 maioribus):
1477 2365 1721 2404 melioribus
1748 2371 1819 2405 aut

349 2421 623 2460 mollioribus.

407 2475 420 2498 ⁷
452 2474 556 2513 Edd.
580 2488 701 2524 quae.

407 2529 422 2551 ⁸
453 2528 672 2578 Maylzoff:
703 2527 868 2566 eodem.

348 2618 432 2664 500
