1909 2998
223 516 266 553 ll

227 1233 273 1272 12

231 1776 276 1813 13

555 203 797 249 PLINY:
863 203 1191 249 NATURAL
1236 201 1532 249 HISTORY

301 336 495 375 certum
517 337 610 385 est,
633 333 716 375 uni
737 333 966 393 gentium
988 329 1101 375 huic
1120 329 1264 393 plura
1284 336 1400 375 sunt
1420 346 1609 392 genera
1631 345 1780 392 quam

302 423 507 465 cunctis.

366 508 423 555 V.
464 509 701 555 Romulus
728 509 935 556 frondea
959 513 1212 556 coronavit
1246 510 1463 555 Hostum
1497 508 1783 564 Hostilium,

304 599 437 660 quod
487 599 726 645 Fidenam
772 603 959 663 primus
1006 603 1301 662 inrupisset:
1367 616 1485 646 avus
1532 598 1611 645 hic
1657 598 1783 645 Tulli

305 688 503 734 Hostilii
554 692 684 752 regis
735 688 844 735 fuit.
914 688 968 736 P.
1021 689 1234 735 Decium
1281 696 1480 752 patrem
1528 689 1785 735 tribunum

304 778 518 824 militum
562 779 769 825 frondea
812 779 1016 825 donavit
1059 782 1309 825 exercitus
1354 780 1417 825 ab
1460 795 1520 825 eo
1561 786 1785 825 servatus
1851 787 1856 791 ”

304 871 606 931 imperatore
655 869 883 915 Cornelio
931 869 1081 915 Cosso
1126 886 1224 915 cos.
1294 868 1592 915 Samnitium
1638 868 1783 915 bello.

305 961 457 1004 civica
502 959 656 1021 iligna
699 962 860 1023 primo
907 959 1019 1016 fuit,
1063 966 1242 1023 postea
1288 962 1446 1022 magis
1490 959 1679 1023 placuit
1725 976 1786 1005 ex

306 1049 503 1094 aesculo
540 1049 643 1094 Iovi
678 1066 834 1104 sacra,
870 1053 1217 1112 variatumque
1254 1056 1307 1095 et
1341 1066 1455 1095 cum
1490 1065 1676 1112 quercu
1711 1055 1787 1094 est

307 1155 363 1184 ae
389 1139 509 1184 data
536 1140 721 1202 ubique
749 1156 878 1202 quae
905 1139 1070 1186 fuerat
1097 1139 1348 1185 custodito
1374 1146 1576 1185 tantum
1601 1138 1787 1184 honore

306 1228 514 1291 glandis.
585 1229 787 1275 additae
850 1229 987 1292 leges
1051 1237 1190 1276 artae
1254 1236 1307 1275 et
1367 1228 1482 1275 ideo
1544 1229 1788 1292 superbae

309 1334 531 1381 quasque
563 1318 789 1365 conferre
819 1319 972 1365 libeat
1003 1336 1117 1365 cum
1148 1319 1230 1364 illa
1264 1319 1570 1365 Graecorum
1596 1335 1789 1365 summa

309 1425 437 1471 quae
458 1410 549 1455 sub
568 1413 675 1473 ipso
695 1408 814 1455 Iove
835 1409 984 1456 datur
1000 1413 1178 1472 cuique
1199 1426 1364 1455 muros
1382 1412 1548 1472 patria
1563 1408 1789 1472 gaudens

308 1502 522 1562 rumpit:
592 1503 751 1545 civem
803 1516 1017 1555 servare,
1070 1498 1268 1545 hostem
1320 1498 1566 1555 occidere,
1618 1506 1676 1545 ut
1727 1515 1790 1545 ne

309 1605 424 1634 eum
445 1589 462 1618 1
492 1589 654 1635 locum
673 1593 723 1635 in
750 1606 847 1652 quo
875 1593 940 1636 sit
968 1596 1138 1636 actum
1167 1588 1322 1635 hostis
1348 1592 1579 1652 optineat
1605 1605 1665 1635 eo
1689 1588 1790 1645 die,

311 1686 367 1725 ut
429 1687 653 1726 servatus
699 1679 1108 1726 fateatur—alias
1152 1686 1312 1725 testes
1357 1677 1477 1724 nihil
1519 1686 1793 1743 prosunt—

311 1776 365 1814 ut
398 1772 514 1815 civis
549 1770 728 1816 fuerit:
780 1770 963 1816 auxilia
997 1773 1220 1832 quamvis
1254 1786 1374 1833 rege
1409 1776 1606 1815 servato
1639 1769 1791 1815 decus

310 1876 408 1905 non
431 1860 570 1906 dant.
643 1877 735 1906 nec
770 1863 946 1906 crescit
982 1859 1137 1905 honos
1171 1860 1307 1906 idem
1343 1862 1648 1923 imperatore
1678 1875 1792 1905 con-

310 1957 523 2005 servato,
574 1953 807 2012 quoniam
857 1950 1138 1996 conditores
1186 1953 1237 1995 in
1286 1966 1600 2012 quocumque
1648 1949 1792 1995 cive2

311 2056 560 2086 summum
593 2056 700 2086 esse
734 2040 949 2087 voluere.
1018 2047 1229 2104 accepta
1259 2040 1378 2086 lieet
1411 2043 1485 2086 uti
1514 2046 1790 2103 perpetuo3

867 2161 883 2185 ²
911 2160 1022 2200 Ian:
1056 2165 1105 2199 ut
1127 2173 1240 2200 eum.

867 2214 881 2237 ²
919 2214 996 2254 VJ.
1019 2215 1171 2253 civem.

368 2416 386 2433 ‘²
414 2409 504 2448 The
526 2409 642 2448 First
664 2409 860 2448 Samnite
881 2408 997 2454 VVar,
1020 2409 1205 2447 343-341
1234 2420 1318 2447 BA?-

368 2462 383 2486 ὁ
411 2462 435 2500 I
441 2476 502 2508 .e.‚
522 2462 596 2501 the
615 2462 780 2501 honour
798 2462 847 2501 of
860 2462 1086 2513 providing
1105 2474 1130 2499 a
1149 2461 1265 2501 Civic
1285 2462 1460 2502 Wreath
1479 2462 1638 2513 always
1657 2460 1727 2500 fell
1746 2465 1792 2500 to

313 2529 368 2554 an
390 2516 711 2567 acorn-bearing
732 2521 822 2555 tree
842 2515 890 2554 of
906 2527 1023 2555 some
1044 2516 1224 2567 variety.

315 2605 404 2649 394
