1909 2998
254 805 301 843 10

258 1446 302 1484 ll

260 2005 310 2043 12

596 183 804 229 PLINY
828 199 838 228 ε
902 182 1230 229 NATURAL
1273 182 1568 229 HISTORY

329 311 467 376 plum
498 311 700 356 Iunonis
729 312 981 372 vitigineis
1009 308 1250 355 columnis
1279 311 1454 363 stetit3
1500 311 1656 355 etiam
1683 326 1814 356 nunc

330 391 473 438 scalis
502 397 698 437 tectum
730 388 981 452 Ephesiae
1015 389 1212 435 Dianae
1243 388 1499 434 scanditur
1529 405 1629 434 una
1653 405 1682 436 e
1712 392 1813 435 vite

333 471 534 535 Cypria,
587 476 644 515 ut
702 468 890 524 ferunt,
950 471 1185 531 quoniam
1244 469 1313 514 ibi
1373 467 1437 514 ad
1493 471 1814 533 praecipuam

333 549 716 614 amplitudinem
753 555 958 595 exeunt.
1027 565 1121 594 nec
1158 555 1236 595 est
1271 547 1406 610 ligno
1444 547 1528 594 ulli
1565 551 1816 595 aeternior

337 638 532 676 natura.

396 716 583 762 Verum
641 718 739 761 ista
799 732 861 761 ex
922 714 1230 761 silvestribus
1305 713 1442 760 facta
1501 713 1815 761 crediderim.

334 796 430 842 III.
470 796 582 842 Hae
624 798 751 841 vites
810 801 1017 840 tonsura
1070 811 1236 840 annua
1287 801 1598 850 coercentur,
1646 801 1700 841 et
1746 797 1817 840 vis

334 893 506 923 earum
531 878 688 921 omnis
714 882 951 921 evocatur
974 877 1025 919 in
1047 873 1283 937 palmites
1317 881 1404 920 aut
1434 873 1732 937 deprimitur
1768 877 1817 920 in

334 959 653 1021 propagines,
690 957 894 1017 sucique
936 961 1137 1000 tantum
1179 957 1343 1017 gratia
1390 971 1453 1000 ex
1495 956 1552 1000 iis
1588 954 1818 1017 petiturl

333 1037 556 1100 pluribus
593 1035 754 1082 modis
791 1034 855 1080 ad
891 1034 1017 1081 caeli
1055 1051 1218 1081 mores
1255 1034 1446 1097 solique
1484 1036 1702 1097 ingenia.
1768 1037 1820 1081 in

335 1116 592 1180 Campano
614 1132 733 1179 agro
753 1114 948 1179 populis
970 1115 1184 1170 nubunt,
1201 1117 1506 1177 maritasque
1527 1114 1819 1178 complexae

337 1204 490 1260 atque
517 1213 609 1259 per
636 1212 799 1242 ramos
828 1212 1001 1241 earum
1027 1196 1321 1259 procacibus
1349 1193 1592 1241 bracchiis
1619 1198 1821 1258 genicu-

335 1277 439 1323 lato
468 1293 614 1323 cursu
644 1275 946 1322 scandentes
977 1278 1238 1322 cacumina
1269 1282 1509 1338 aequant,
1540 1278 1590 1321 in
1619 1282 1820 1322 tantum

337 1357 573 1404 sublimes
602 1342 659 1403 ut
686 1355 1021 1402 vindemiator
1049 1363 1337 1402 auctoratus
1365 1372 1543 1418 rogum
1570 1372 1628 1401 ac
1655 1362 1821 1402 tumu-

339 1438 440 1484 lum
479 1440 714 1500 excipiat‚
749 1436 885 1482 nulla
920 1436 1018 1482 fine
1054 1436 1339 1489 crescendi;
1385 1435 1585 1498 vidique
1606 1436 1625 1464 2
1667 1438 1821 1482 etiam

337 1525 473 1564 totas
493 1516 512 1545 ³
546 1517 684 1563 villas
720 1524 773 1563 et
798 1516 972 1563 domos
998 1516 1175 1562 ambiri
1200 1515 1507 1579 singularum
1531 1515 1821 1579 palmitibus

339 1615 396 1644 ac
418 1598 714 1660 sequacibus
736 1596 867 1642 loris.
937 1596 1172 1659 quodque
1195 1599 1438 1642 memoria
1460 1595 1668 1658 dignum
1691 1599 1823 1642 inter

339 1681 501 1742 prima
530 1677 824 1723 Valerianus
855 1693 1053 1739 quoque
1085 1675 1342 1722 Cornelius
1373 1678 1696 1732 existimavit,
1724 1693 1823 1722 una

340 1761 454 1804 vitis
489 1757 680 1803 Romae
714 1760 764 1801 in
801 1756 971 1802 Liviae
1005 1756 1280 1819 porticibus
1315 1755 1565 1802 subdiales
1599 1756 1823 1802 inambu-

341 1838 553 1884 lationes
590 1837 834 1883 umbrosis
870 1836 1091 1899 pergulis
1129 1843 1327 1899 opacat,
1365 1835 1545 1882 eadem
1581 1835 1823 1882 duodenis

342 1921 492 1963 musti
519 1916 770 1980 amphoris
795 1915 1028 1962 fecunda.

405 1996 580 2043 Ulmos
634 1995 839 2059 quidem
892 1996 1080 2058 ubique
1135 2002 1433 2058 exuperant,
1486 1997 1824 2058 miratumque

342 2076 663 2123 altitudinem
716 2093 888 2122 earum
942 2076 1140 2121 Ariciae
1194 2074 1363 2121 ferunt
1416 2074 1642 2138 legatum
1694 2077 1824 2138 regis

344 2155 518 2220 Pyrrhi
548 2156 756 2202 Cineam
785 2155 953 2201 facete
982 2155 1156 2201 lusisse
1186 2158 1235 2200 in
1266 2158 1592 2201 austeriorem
1621 2162 1823 2217 gustum

343 2239 460 2292 vini,
510 2239 691 2281 merito
743 2243 958 2281 matrem
1012 2238 1118 2281 eius
1170 2235 1392 2298 pendere
1451 2238 1501 2280 in
1559 2241 1665 2281 tam
1723 2234 1825 2281 alta

563 2391 577 2414 ¹
613 2389 828 2439 Mayhoff:
859 2389 996 2427 exisse
1016 2389 1132 2427 intus
1152 2394 1224 2427 aut
1244 2402 1296 2427 ex
1318 2387 1382 2427 his
1402 2394 1480 2428 est.

565 2444 578 2466 2
614 2442 807 2492 Mayhoff
821 2457 829 2481 :
862 2447 1052 2481 crescent
1072 2443 1306 2492 dividique.

563 2497 578 2520 ³
609 2501 724 2535 totas
747 2496 797 2535 M
799 2495 943 2547 ayhoff
957 2511 966 2536 τ
996 2497 1141 2547 potius
1161 2496 1369 2548 (porticus
1389 2494 1626 2547 Detlessen),

352 2587 435 2632 192
