1909 2998
572 193 816 239 PLINY:
881 193 1210 239 NATURAL
1255 193 1551 240 HISTORY

322 321 495 367 colono
533 324 747 384 gratiam
787 337 1003 366 annuam
1042 319 1213 366 refert.
1281 324 1626 384 septentrione
1665 321 1799 385 frigi-

323 407 497 470 disque
532 407 751 470 gaudet3
803 410 1017 452 siccatur
1052 409 1205 452 etiam
1240 406 1342 452 sole
1377 406 1707 470 conditurque
1742 415 1799 455 ut

226 503 301 542 105
326 494 452 541 oliva
470 493 620 540 cadis.
677 493 864 539 XXXI.
903 492 1045 550 Quae
1070 509 1186 538 cura
1211 500 1263 539 et
1286 496 1444 539 cornis
1469 500 1621 556 atque
1645 497 1799 541 etiam

321 582 530 628 lentisco
583 579 865 626 adhibetur.
934 596 997 625 ne
1051 579 1171 641 quid
1223 596 1323 625 non
1374 578 1585 626 hominis
1638 584 1799 628 ventri

322 675 498 714 natum
523 683 630 713 esse
660 666 904 723 videatur,
940 668 1211 711 miscentur
1240 682 1440 729 sapores
1466 673 1519 712 et
1549 666 1644 712 alio
1674 667 1797 714 alius

320 755 518 819 placere
552 755 774 816 cogitur;
826 755 1098 799 miscentur
1132 769 1249 798 vero
1285 759 1337 798 et
1371 759 1537 798 terrae
1572 753 1797 817 caelique

320 848 536 887 tractus:
582 843 633 885 in
663 839 758 884 alio
786 840 883 885 cibi
911 855 1099 902 genere
1132 838 1277 884 India
1306 838 1594 895 advocatur,
1623 842 1674 885 in
1703 840 1798 886 alio

320 928 601 990 Aegyptus,
642 926 809 981 Creta,
850 925 1046 989 Cyrene
1086 925 1414 988 singulaeque
1454 933 1638 972 terrae.
1706 943 1798 973 nec

319 1021 481 1060 cessat
519 1016 570 1058 in
609 1012 858 1059 veneficiis
897 1014 1017 1067 vita,
1057 1011 1329 1057 dummodo
1369 1015 1535 1057 omnia
1573 1012 1794 1059 devoret.

319 1101 512 1164 planius
534 1099 626 1145 hoc
649 1099 737 1145 fiet
758 1102 809 1144 in
830 1097 1099 1145 herbarum
1122 1105 1316 1144 natura.

222 1194 297 1233 106
384 1186 598 1232 XXXII.
637 1186 846 1231 Interim
875 1202 1002 1247 quae
1030 1192 1147 1231 sunt
1173 1187 1456 1231 communia
1482 1184 1576 1250 [et]
1593 1185 1612 1215 1
1636 1189 1795 1249 pomis

318 1274 645 1335 omnibusque
688 1275 814 1318 sucis
856 1288 1088 1335 saporum
1129 1288 1317 1335 genera
1353 1272 1417 1317 x2
1452 1275 1796 1335 reperiuntur:

317 1360 489 1415 dulcis,
509 1362 687 1414 suavis,
706 1361 922 1422 pinguis,
944 1375 1156 1414 amarus,
1178 1365 1424 1414 austerus,
1445 1375 1577 1414 acer,
1599 1366 1793 1414 acutus,

316 1447 540 1501 acerbus,
600 1445 784 1499 acidus,
844 1444 1014 1490 salsus.
1080 1451 1284 1508 praeter
1341 1443 1466 1491 haec
1524 1448 1620 1491 tria
1678 1453 1793 1491 sunt

315 1549 502 1596 genera
525 1532 736 1577 mirabili
761 1534 977 1577 maxime
1004 1539 1211 1578 natura:
1254 1548 1409 1577 unum
1433 1534 1483 1576 in
1507 1548 1605 1594 quo
1627 1532 1794 1594 plures

216 1628 291 1667 107
317 1623 506 1684 pariter
551 1622 837 1665 sentiuntur
883 1635 1100 1682 sapores,
1148 1625 1205 1664 ut
1252 1617 1341 1664 in³
1389 1621 1793 1681 vinis—namque

314 1711 364 1752 in
387 1709 444 1753 iis
470 1713 523 1752 et
547 1712 775 1752 austerus
800 1712 853 1751 et
878 1712 1053 1752 acutus
1079 1712 1131 1751 et
1157 1704 1312 1751 dulcis
1339 1711 1391 1751 et
1415 1708 1595 1760 suavis,
1620 1722 1792 1752 omnes

313 1793 490 1848 alieni3
551 1792 765 1838 alterum
814 1799 891 1838 est
932 1809 1091 1855 genus
1141 1795 1191 1837 in
1241 1809 1339 1854 quo
1387 1795 1453 1838 sit
1501 1799 1555 1838 et
1603 1792 1792 1838 alienus

313 1879 517 1943 quidem
541 1879 630 1925 sed
654 1886 707 1924 et
731 1896 846 1924 suus
873 1878 1074 1941 quidam
1102 1895 1157 1923 ac
1180 1878 1462 1941 peculiaris,
1487 1885 1544 1924 ut
1570 1881 1619 1923 in
1644 1878 1791 1934 lacte,

313 1966 559 2029 siquidem
599 1969 730 2011 inest
771 1968 816 2011 ei
859 1965 992 2027 quod
1032 1972 1206 2011 tamen
1246 1968 1351 2011 iure
1400 1964 1497 2010 dici
1546 1965 1690 2011 dulce
1739 1973 1791 2011 et

311 2056 498 2117 pingue
525 2059 578 2098 et
608 2068 758 2098 suave
789 2069 888 2097 non
916 2054 1090 2115 possit,
1114 2054 1378 2113 optinente
1415 2051 1625 2098 lenitate
1661 2068 1789 2114 quae

215 2148 290 2186 108
315 2143 422 2203 ipsa
457 2139 681 2185 succedit
716 2141 767 2184 in
803 2141 988 2201 saporis
1012 2141 1200 2192 vicem3
1239 2137 1399 2183 nullus
1426 2137 1503 2184 hic
1534 2141 1672 2200 aquis
1695 2155 1787 2185 nec

311 2243 472 2281 sucus,
494 2233 551 2271 ut
576 2233 748 2271 tamen
778 2242 838 2271 eo
866 2228 973 2288 ipso
1011 2224 1098 2270 fiat
1136 2225 1310 2287 aliquis
1349 2241 1405 2270 ac
1442 2241 1585 2270 suum
1628 2242 1785 2287 genus

312 2312 463 2358 faciat
481 2329 490 2358 :
527 2315 700 2358 sentiri
722 2311 926 2374 quidem
948 2328 1110 2374 aquae
1131 2328 1360 2374 saporem
1380 2310 1534 2357 ullum
1554 2328 1786 2357 sucumve

480 2446 495 2470 ²
525 2445 662 2485 Secl.?
695 2444 899 2495 Maylmff.
1132 2444 1146 2467 ²
1178 2448 1237 2482 X?
1271 2444 1490 2495 Mayhosf:
1523 2455 1620 2483 xnl.

777 2498 793 2521 ³
826 2507 872 2536 ut
894 2499 967 2536 in?
1003 2497 1220 2548 Mayhoff:
1252 2503 1315 2536 ut.

311 2574 401 2634 360
