1909 2998
238 710 283 749 81

242 1736 293 1775 83

568 210 812 256 PLINY:
878 209 1207 256 NATURAL
1252 208 1549 256 HISTORY

320 336 500 384 Sicilia.
541 353 658 383 nam
677 340 911 391 sii-acum,
928 336 1062 399 quod
1078 336 1161 382 alii
1178 335 1436 398 hepsema,
1452 339 1608 383 nostri
1625 353 1797 399 sapam

321 410 596 473 appellant,
611 412 817 473 ingenii,
835 426 936 456 non
963 417 1176 456 naturae
1201 426 1324 472 opus
1351 417 1428 456 est
1451 417 1617 456 musto
1641 427 1798 473 usque

322 484 387 531 ad
421 487 628 530 tertiam
664 499 930 529 mensurae
959 483 1196 537 decoct03
1250 483 1384 545 quod
1412 483 1499 529 ubi
1520 482 1712 530 factum
1735 482 1800 530 ad

320 557 578 604 dimidiam
599 563 693 612 est,
708 556 965 603 defrutum
985 563 1205 602 vocatur.
1245 559 1412 602 omnia
1431 560 1483 602 in
1499 555 1799 603 adulterium

321 629 479 678 mellis
506 633 823 693 excogitata3
866 630 953 676 sed
979 633 1143 691 priora
1168 646 1264 675 uva
1288 636 1525 693 terraque
1550 636 1797 676 constant.

320 720 522 766 passum
564 721 592 749 a
635 703 832 749 Cretico
857 703 875 732 1
914 702 1139 749 Cilicium
1182 703 1422 765 probatur
1464 709 1517 749 et
1558 702 1799 749 Africum.

322 777 372 823 id
387 777 406 806 2
430 780 481 823 in
508 776 655 823 Italia
673 777 994 838 finitimisque
1020 779 1280 838 provinciis
1301 776 1406 822 fieri
1421 783 1615 822 certum
1636 783 1712 822 est
1739 793 1801 822 ex

322 867 418 896 uva
465 867 617 913 quam
665 849 844 896 Graeci
889 848 1127 911 psithiam
1173 857 1370 904 vocant,
1417 866 1505 896 nos
1553 852 1802 911 apianam,

322 928 446 970 item
471 922 755 985 scripulam,
780 923 967 969 diutius
1000 922 1141 968 uvis3
1165 925 1217 967 in
1241 925 1345 968 vite
1370 922 1473 968 sole
1499 922 1688 969 adustis
1714 929 1802 968 aut

323 997 537 1043 ferventi
579 996 729 1042 oleo.4
796 996 1000 1058 quidam
1040 1012 1103 1042 ex
1143 1012 1458 1058 quacumque
1497 995 1646 1051 dulci,
1683 996 1803 1042 dum

324 1077 607 1132 praecocta,
645 1069 776 1125 alba,
812 1070 1003 1116 faciunt
1040 1073 1283 1116 siccantes
1321 1069 1424 1115 sole
1461 1069 1620 1115 donec
1656 1069 1804 1131 paulo

324 1144 534 1205 amplius
560 1143 823 1189 dimidium
847 1142 1041 1204 pondus
1067 1146 1300 1204 supersit,
1324 1149 1599 1204 tunsasque
1625 1141 1805 1188 leniter

328 1221 630 1278 exprimunt.
699 1216 816 1262 dein
840 1223 1085 1278 quantum
1111 1232 1401 1278 expressere
1425 1215 1645 1262 adiciunt
1670 1219 1804 1262 vina—

323 1293 422 1337 ceis
471 1306 632 1352 aquae
680 1296 952 1351 puteanae,
1000 1297 1057 1335 ut
1107 1296 1159 1335 et
1207 1289 1556 1335 secundarium
1602 1305 1804 1351 passum

322 1362 526 1409 faciant.
594 1362 935 1425 diligentiores
981 1362 1160 1408 eodem
1204 1361 1354 1408 modo
1398 1364 1594 1408 siccatis
1640 1365 1804 1408 acinos

326 1440 553 1483 eximunt
575 1453 631 1482 ac
653 1439 761 1482 sine
780 1439 1045 1483 sarmentis
1067 1435 1380 1481 madefactos
1403 1438 1516 1481 vino
1540 1435 1804 1482 excellenti

324 1509 483 1556 donec
535 1512 873 1556 intumescant
924 1515 1281 1570 premunt—et
1333 1507 1426 1554 hoc
1478 1525 1638 1571 genus
1685 1515 1806 1554 ante

323 1590 494 1629 cetera
524 1581 762 1638 laudant3
813 1599 870 1629 ac
903 1581 1050 1629 simili
1082 1581 1230 1628 modo
1264 1598 1394 1644 aqua
1428 1581 1602 1628 addita
1633 1597 1806 1628 secun-

324 1657 517 1703 darium
542 1656 748 1702 faciunt.

393 1729 622 1776 Medium
659 1732 792 1775 inter
829 1729 993 1775 dulcia
1030 1732 1300 1791 vinumque
1340 1735 1416 1774 est
1455 1728 1589 1790 quod
1628 1728 1805 1775 Graeci

326 1803 573 1865 aigleucos
636 1810 834 1858 vocant,
895 1801 988 1848 hoc
1052 1809 1128 1847 est
1191 1817 1390 1862 semper
1451 1809 1689 1847 mustum.
1755 1802 1806 1848 id

327 1880 494 1921 evenit
524 1892 659 1931 cura,
689 1879 926 1938 quoniam
957 1875 1149 1921 fervere
1180 1873 1608 1936 prohibetur—sic
1638 1874 1807 1935 appel-

324 1949 431 1995 lant
461 1952 613 1995 musti
643 1952 692 1994 in
724 1952 836 1994 vina
865 1952 1151 1994 transitum.
1221 1964 1339 2010 ergo
1369 1955 1605 2009 mergunt
1637 1964 1665 1992 e
1696 1947 1805 1993 lacu

693 2053 707 2076 ¹
737 2051 989 2090 Hermolaus
1008 2063 1027 2089 e
1049 2051 1187 2090 Diosc.
1210 2065 1218 2089 :
1250 2049 1426 2090 Graeco.

691 2105 706 2128 ²
736 2105 969 2156 Detlessen:
1001 2109 1059 2143 et.

690 2159 705 2181 ³
736 2160 831 2197 uvis
850 2157 944 2197 add.
966 2158 1105 2207 Sillz’q.

689 2213 706 2235 ⁴
742 2212 820 2251 VJ.
841 2211 969 2250 dolio.

386 2366 404 2384 ⁰
432 2359 617 2409 Apiana,
642 2359 705 2397 lit.
731 2358 740 2373 ‘
761 2358 939 2396 beloved
962 2358 1021 2408 by
1044 2357 1141 2395 bees
1161 2357 1192 2401 ';
1218 2357 1402 2406 perhaps
1424 2356 1513 2395 also
1535 2357 1608 2395 the
1631 2357 1805 2408 English

333 2413 436 2460 (and
462 2412 637 2460 Italian)
664 2424 804 2457 name,
829 2410 996 2461 though
1022 2411 1198 2449 derived
1224 2410 1333 2448 from
1361 2409 1370 2425 ‘
1391 2410 1545 2455 musk,’
1571 2423 1597 2449 a
1622 2410 1738 2448 word
1763 2410 1812 2449 of

333 2466 489 2505 Arabic
509 2466 657 2515 origin,
680 2478 767 2503 was
788 2464 1014 2514 popularly
1036 2463 1274 2502 associated
1295 2462 1399 2502 with
1421 2476 1579 2511 musca,
1604 2462 1716 2515 ‘fly.’

387 2519 403 2544 ὁ
430 2519 505 2559 Le.
529 2519 711 2557 ferment
734 2531 781 2557 or
802 2518 1040 2556 effervesco.

333 2612 420 2653 240
