1909 2998
536 157 780 204 PLINY:
844 153 1173 202 NATURAL
1217 152 1514 200 HISTORY

285 284 483 330 arbores
502 290 619 330 ante
637 282 733 329 alia
750 282 917 329 dicere
936 298 992 328 ac
1010 281 1227 328 moribus
1243 279 1514 344 primordia
1532 282 1762 344 ingerere

286 387 479 430 nostris.

234 492 258 530 3
347 484 415 530 ΙΙ.
454 483 592 529 Haec
629 482 768 530 fuere
811 485 1070 529 numinum
1113 480 1321 545 templa,
1361 483 1623 545 priscoque
1664 483 1764 527 ritu

283 584 522 647 simplicia
543 600 656 629 rura
677 587 831 630 etiam
852 599 982 629 nunc
1002 582 1099 629 deo
1119 581 1516 646 praecellentem
1536 582 1764 628 arborem

283 685 479 739 dieant;
525 701 616 730 nec
643 687 801 747 magis
830 701 948 730 auro
976 682 1225 746 fulgentia
1252 689 1406 745 atque
1435 682 1585 729 ebore
1613 685 1763 728 simu-

287 786 412 831 lacra
454 802 603 847 quam
643 785 776 830 lucos
817 792 870 831 et
910 787 960 830 in
1000 788 1057 829 iis
1097 783 1297 830 silentia
1336 787 1444 847 ipsa
1484 782 1762 829 adoramus.

284 887 512 932 arborum
565 902 753 948 genera
808 886 1091 931 numinibus
1146 888 1244 931 suis
1297 884 1467 930 dicata
1517 891 1765 948 perpetuo

284 994 561 1042 servantur,
581 994 638 1033 ut
665 986 767 1032 Iovi
789 986 1034 1042 aesculus,
1055 985 1273 1049 Apollini
1298 984 1481 1041 laurus,
1503 984 1764 1031 Minervae

283 1087 409 1143 olea,
468 1087 649 1133 Veneri
706 1094 916 1150 myrtus,
975 1086 1179 1132 Herculi
1234 1085 1476 1149 populus;
1536 1088 1656 1148 quin
1712 1092 1765 1132 et

283 1186 507 1234 Silvanos
542 1187 838 1250 Faunosque
873 1195 926 1233 et
959 1187 1169 1233 dearum
1201 1203 1391 1250 genera
1422 1186 1554 1233 silvis
1587 1202 1643 1232 ac
1677 1203 1765 1232 sua

231 1298 256 1333 4
280 1291 483 1334 numina
502 1295 763 1350 tamquam
783 1304 809 1334 e
829 1287 969 1334 caelo
989 1288 1238 1334 attributa
1258 1286 1522 1334 credimus.
1562 1287 1763 1334 arbores

281 1395 458 1451 postea
481 1387 820 1434 blandioribus
844 1387 988 1451 fruge
1012 1391 1140 1434 sucis
1163 1387 1418 1434 hominem
1440 1390 1764 1451 mitigavere:

283 1505 344 1534 ex
382 1487 455 1534 his
493 1505 722 1534 recreans
758 1489 986 1535 membra
1022 1488 1118 1535 olei
1153 1488 1316 1551 liquor
1350 1490 1580 1551 viresque
1614 1494 1764 1552 potus

283 1592 398 1643 vini,
433 1596 510 1634 tot
544 1588 762 1651 denique
796 1605 999 1652 sapores
1033 1591 1149 1634 anni
1184 1596 1364 1652 sponte
1399 1590 1678 1644 venientes,
1711 1595 1765 1635 et

282 1706 503 1744 mensae,
533 1688 855 1752 depugnetur
885 1690 1005 1736 licet
1036 1705 1209 1735 earum
1239 1705 1389 1736 causa
1419 1705 1533 1735 cum
1561 1688 1679 1735 feris
1711 1695 1763 1735 et

280 1793 410 1852 pasti
469 1789 824 1851 naufragorum
879 1790 1166 1853 corporibus
1222 1793 1383 1853 pisces
1440 1796 1763 1853 expetantur,

229 1898 253 1934 5
278 1891 431 1935 etiam
467 1905 596 1935 nune
632 1897 804 1935 tamen
839 1889 1106 1936 secundae.
1175 1889 1310 1936 mille
1343 1896 1612 1954 praeterea
1646 1896 1764 1936 sunt

281 2006 395 2035 usus
430 2006 601 2035 earum
635 1993 741 2036 sine
777 1993 885 2052 quis
920 1993 1024 2036 vita
1057 1990 1175 2053 degi
1209 2006 1309 2036 non
1341 1993 1514 2054 possit.
1584 1989 1760 2036 arbore

280 2089 525 2136 sulcamus
568 2093 723 2135 maria
766 2097 1026 2153 terrasque
1071 2090 1412 2146 admovemus,
1456 2091 1631 2137 arbore
1676 2107 1763 2136 ex-

279 2189 598 2237 aedificamus
635 2197 803 2245 tecta;
859 2191 1068 2237 arborea
1106 2198 1159 2237 et
1197 2191 1460 2237 simulacra
1498 2193 1758 2237 numinum

281 2289 420 2336 fuere
467 2290 687 2336 nondum
716 2294 881 2354 pretio
918 2294 1209 2354 excogitato
1245 2291 1506 2337 beluarum
1540 2290 1756 2337 cadaver

281 2398 432 2453 atque
474 2398 549 2447 ut,
590 2407 620 2437 a
658 2390 752 2436 diis
793 2398 913 2437 nato
955 2394 1059 2438 iure
1102 2391 1346 2447 luxuriae,
1388 2391 1567 2438 eodem
1609 2391 1759 2438 ebore

285 2545 312 2583 4
