1940 2998
616 201 860 247 PLINY:
925 199 1255 246 NATURAL
1300 198 1596 246 HISTORY

367 334 405 377 si
431 336 722 394 competant
746 332 906 375 coitus
931 331 981 374 in
1007 330 1328 374 novissimum
1354 327 1490 373 diem
1514 327 1740 383 brumae,
1764 327 1846 373 illa

371 405 427 450 fit
452 404 471 432 1
508 410 716 450 aeterna
750 405 1016 455 materies3
1069 403 1296 464 proxime
1339 417 1453 446 cum
1503 416 1652 465 supra
1700 401 1846 447 dictis

366 477 624 524 sideribus.
693 475 896 539 quidam
944 481 997 520 et
1043 476 1178 520 canis
1226 480 1391 519 ortum
1439 473 1632 520 addunt
1679 481 1732 520 et
1778 477 1846 520 sic

266 557 344 596 192
365 567 534 597 caesas
569 552 806 595 materias
839 551 890 594 in
924 547 1087 593 forum
1122 548 1425 610 Augustum.
1493 563 1587 593 nec
1620 547 1845 594 novellae

367 631 538 670 autem
584 623 648 669 ad
692 624 958 668 materiem
1002 638 1095 667 nec
1140 627 1338 667 veteres
1383 619 1690 667 utilissimae.
1757 623 1846 666 cir-

367 700 606 744 cumcisas
644 712 843 759 quoque
881 698 932 741 in
968 693 1241 740 medullam
1278 693 1430 756 aliqui
1467 710 1567 739 non
1603 693 1848 740 inutiliter

367 771 672 833 relinquunt,
696 776 753 815 ut
775 771 933 815 omnis
956 784 1098 814 umor
1120 767 1370 813 stantibus
1393 766 1599 813 defluat.
1667 770 1847 813 mirum

367 844 501 908 apud
547 846 778 905 antiquos
821 845 983 905 primo
1030 839 1217 887 Punico
1262 840 1393 886 bello
1438 840 1647 886 classem
1694 840 1846 886 Duilli

368 919 680 981 imperatoris
729 916 792 962 ab
840 915 1016 961 arbore
1062 929 1121 959 Lx
1170 914 1252 960 die
1300 916 1627 976 navigavisse,
1674 921 1848 960 contra

368 1007 484 1037 vero
532 990 805 1036 Hieronem
851 1004 1025 1051 regem
1066 1002 1185 1033 ccxx
1227 1003 1379 1033 naves
1419 985 1623 1033 effectas
1670 987 1846 1033 diebus

366 1079 455 1110 XLV
482 1063 637 1109 tradit
663 1062 719 1108 L.
748 1060 888 1117 Piso3
921 1061 1142 1108 secundo
1168 1077 1367 1123 quoque
1394 1057 1582 1106 Punico
1606 1059 1847 1123 Scipionis

368 1138 533 1184 0135515
566 1151 624 1182 XL
657 1136 739 1182 die
774 1152 804 1181 a
836 1138 996 1182 securi
1024 1137 1292 1197 navigavit.
1360 1141 1562 1180 tantum
1586 1137 1848 1198 tempesti-

368 1214 493 1257 vitas
519 1213 673 1256 etiam
696 1212 747 1255 in
770 1209 945 1273 rapida
967 1208 1229 1254 celeritate
1251 1206 1424 1271 pollet.

266 1292 343 1331 193
432 1282 633 1330 LXXV.
690 1283 815 1329 Cato
851 1281 1108 1327 hominum
1144 1297 1364 1327 summus
1399 1283 1451 1325 in
1486 1283 1620 1326 omni
1656 1297 1748 1326 usu
1782 1281 1846 1327 de

368 1360 590 1404 materiis
639 1355 764 1402 haec
810 1356 990 1401 adicit:
1053 1353 1287 1400 ‘Prelum
1338 1371 1400 1400 ex
1443 1353 1689 1417 sappino²
1739 1361 1848 1400 atra

366 1433 681 1495 potissimum
718 1429 885 1475 facito.
954 1428 1190 1484 ulmeam,
1217 1430 1438 1491 pineam,
1465 1443 1694 1484 nuceam,
1719 1425 1847 1474 hanc

368 1512 521 1567 atque
571 1503 719 1549 aliam
760 1505 1024 1549 materiem
1063 1518 1263 1547 omnem
1302 1517 1416 1547 cum
1456 1499 1691 1556 ecfodies‚
1729 1500 1849 1547 luna

368 1578 692 1624 decrescente
713 1579 920 1622 eximito
937 1582 1052 1639 post
1071 1574 1335 1621 meridiem
1359 1577 1465 1620 sine
1485 1581 1637 1620 vento
1662 1581 1845 1620 austro.

369 1659 478 1698 tum
502 1654 597 1697 erit
620 1653 925 1713 tempestiva
949 1665 1062 1694 cum
1087 1664 1261 1694 semen
1286 1664 1431 1694 suum
1455 1654 1710 1693 maturum
1735 1651 1845 1693 erit.

367 1731 644 1786 cavetoque
688 1739 780 1786 per
823 1738 986 1768 rorem
1032 1720 1201 1767 trahas
1241 1728 1329 1767 aut
1370 1719 1543 1767 doles.'
1609 1720 1846 1783 idemque

267 1806 346 1844 194
368 1814 511 1843 mox:
548 1796 557 1812 ‘
579 1797 683 1843 Nisi
708 1798 1014 1842 intermestri
1038 1794 1255 1857 lunaque
1281 1793 1544 1840 dimidiata
1573 1810 1637 1839 ne
1667 1800 1846 1857 tangas

368 1873 658 1924 materiem3
712 1885 862 1932 quam
899 1867 1101 1915 effodias
1143 1875 1232 1914 aut
1270 1866 1528 1931 praecidas
1567 1867 1654 1913 abs
1696 1874 1846 1923 terra,

617 1985 633 2009 1
662 1983 833 2023 Dalec.:
864 1984 933 2022 sit.
1230 1981 1245 2004 2
1276 1981 1452 2032 carpino
1473 1981 1589 2021 Cato.

417 2091 514 2130 “In
535 2091 613 2130 260
634 2103 674 2129 Β.
679 2103 716 2130 c.
738 2089 812 2129 the
833 2090 924 2128 first
947 2089 1044 2128 fleet
1073 2102 1172 2128 ever
1192 2088 1303 2127 built
1322 2091 1368 2126 at
1388 2087 1540 2134 Rome,
1561 2088 1845 2127 commanded

369 2145 426 2196 by
454 2144 528 2183 011.
559 2143 776 2184 Cornelius
805 2143 946 2193 Scipio
974 2142 1119 2188 Asina,
1139 2155 1226 2181 was
1255 2141 1452 2181 defeated
1483 2141 1540 2193 by
1567 2142 1642 2180 the
1669 2140 1844 2180 Cartha·

364 2199 528 2249 ginians
547 2197 606 2236 off
636 2198 813 2248 Lipara;
843 2197 917 2235 the
936 2196 1164 2235 command
1184 2208 1269 2234 was
1288 2194 1546 2234 transferred
1565 2198 1612 2233 to
1629 2195 1704 2233 the
1722 2195 1846 2233 other

370 2251 528 2297 00115111,
544 2251 727 2296 Duilius,
740 2251 836 2289 who
851 2250 973 2289 fitted
995 2250 1068 2288 the
1084 2250 1201 2300 ships
1214 2249 1319 2287 with
1335 2248 1558 2299 boarding-
1564 2247 1744 2298 bridges,
1760 2248 1844 2287 and

368 2304 565 2344 defeated
584 2304 658 2343 the
677 2303 1002 2353 Carthaginians
1021 2307 1067 2341 at
1086 2303 1227 2353 Mylae
1247 2302 1304 2353 by
1321 2301 1526 2352 boarding
1544 2302 1656 2340 their
1659 2280 1842 2340 vessels.

419 2358 434 2382 ⁶
462 2358 606 2404 Hiero,
626 2357 728 2407 king
755 2357 804 2395 of
827 2356 1077 2407 Syracuse,
1069 2369 1111 2395 in
1138 2355 1315 2394 alliance
1343 2355 1448 2394 with
1476 2354 1699 2405 Carffiage,
1720 2354 1844 2393 made

367 2424 454 2450 war
479 2411 647 2462 against
676 2410 813 2449 Rome
833 2411 911 2448 264
932 2422 1014 2449 Bc
1037 2409 1121 2448 and
1141 2422 1228 2447 was
1247 2408 1442 2447 defeated
1463 2408 1548 2447 and
1568 2407 1801 2447 concluded
1819 2421 1844 2446 a

368 2477 496 2517 peace
515 2465 558 2504 in
576 2465 650 2503 the
670 2467 774 2503 next
793 2476 908 2514 year.

416 2524 430 2542 ⁶
460 2518 564 2558 R.R.
588 2516 756 2557 XXXI.
782 2517 871 2556 1-2.
1144 2514 1162 2538 ἀ
1189 2515 1252 2553 Ib.
1277 2514 1514 2553 XXXVII.
1536 2516 1629 2554 3-4.

370 2608 455 2653 51²
