1909 2998
555 177 799 221 PLINY:
863 176 1192 222 NATURAL
1237 175 1534 222 HISTORY

306 319 421 348 vero
463 310 577 365 post
619 301 791 347 folium
834 304 984 347 nasci.
1065 301 1183 347 ficus
1228 308 1281 347 et
1321 317 1588 364 praecoces
1631 299 1785 348 habet

306 416 428 461 quas
455 397 667 444 Athenis
701 397 990 461 prodromos
1023 404 1220 453 vocant,
1244 400 1295 442 in
1322 397 1567 443 Laconico
1598 413 1785 460 genere

306 498 540 541 maxime.

211 600 285 637 114
371 591 496 637 Sunt
524 599 574 637 et
594 590 783 637 biferae
810 594 859 637 in
883 590 1070 645 isdem3
1105 590 1207 654 (L.)
1244 593 1295 636 in
1321 591 1423 637 Coo
1447 589 1608 637 insula
1631 593 1788 654 capri-

307 689 384 734 fici
435 688 639 734 triferae
694 695 838 734 sunt:
897 692 1058 751 primo
1110 687 1219 734 fetu
1268 705 1484 750 sequens
1536 695 1787 744 evocatur,

305 788 538 848 sequenti
564 788 759 831 tertius.
828 784 920 830 hoc
949 784 1027 830 fici
1055 784 1421 848 caprificantur.
1491 790 1544 830 et
1570 784 1787 848 caprifici

307 890 478 928 autem
520 882 583 928 ab
626 882 843 928 adversis
884 880 1012 928 foliis
1055 889 1341 928 nascuntur.
1409 879 1601 927 biferae
1643 887 1697 927 et
1737 883 1788 926 in

306 979 447 1025 malis
483 996 539 1025 ac
572 982 690 1041 piris
727 978 994 1041 quaedam,
1029 981 1158 1024 sicut
1193 985 1246 1024 et
1278 994 1561 1041 praecoces.
1629 977 1788 1023 malus

308 1076 542 1122 silvestris
567 1075 754 1121 bifera:
796 1092 1011 1138 sequens
1036 1078 1141 1121 eius
1166 1074 1355 1121 fructus
1377 1081 1493 1138 post
1517 1081 1788 1130 arcturum,

208 1181 284 1218 115
309 1177 358 1218 in
396 1176 572 1236 apricis
610 1175 844 1218 maxime.
912 1175 1038 1218 vites
1078 1172 1282 1234 quidem
1321 1178 1374 1218 et
1411 1171 1615 1217 triferae
1653 1178 1789 1226 sunt,

308 1287 430 1333 quas
475 1270 539 1316 ob
583 1269 634 1315 id
680 1272 878 1315 insanas
923 1276 1121 1325 vocant,
1167 1271 1402 1332 quoniam
1461 1271 1513 1313 in
1570 1268 1646 1314 his
1691 1268 1787 1313 alia

307 1374 669 1422 maturescunt,
696 1367 791 1411 alia
816 1373 1130 1429 turgescunt,
1150 1366 1246 1411 alia
1271 1365 1466 1412 florent.
1539 1364 1611 1410 M.
1632 1365 1787 1411 Varro

308 1470 481 1509 auctor
516 1470 593 1509 est
628 1466 783 1509 vitem
810 1462 959 1509 fuisse
996 1462 1242 1526 Zmyrnae
1279 1462 1413 1526 apud
1441 1461 1678 1507 Matroon
1703 1464 1789 1508 tri-

308 1560 466 1606 feram
510 1567 562 1606 et
604 1560 791 1605 malum
834 1563 885 1605 in
928 1577 1047 1623 agro
1092 1559 1413 1606 Consentino.
1481 1558 1574 1605 hoc
1617 1566 1789 1605 autem

308 1660 476 1703 evenit
501 1664 749 1720 perpetuo
777 1660 828 1702 in
855 1657 1131 1720 Tacapensi
1150 1656 1168 1685 1
1198 1655 1399 1702 Africae
1429 1672 1548 1719 agro
1577 1655 1661 1718 (de
1690 1672 1788 1717 quo

306 1754 449 1817 plura
497 1754 653 1815 alias),
703 1770 764 1799 ea
811 1761 888 1799 est
936 1753 1024 1799 soli
1073 1752 1321 1799 fertilitas.
1389 1751 1564 1798 trifera
1611 1759 1689 1798 est
1736 1759 1790 1799 et

306 1866 595 1913 cupressus3
658 1867 875 1912 namque
920 1851 1076 1895 bacae
1122 1852 1227 1895 eius
1272 1849 1572 1912 colliguntur
1615 1865 1788 1895 mense

309 1947 540 1992 Ianuario
583 1954 636 1993 et
681 1946 819 1992 Maio
863 1953 916 1993 et
957 1945 1260 2009 Septembri,
1302 1952 1572 2008 ternasque
1616 1961 1787 1991 earum

306 2047 437 2107 gerit
461 2043 847 2106 magnitudines.

209 2147 285 2186 116
372 2140 464 2186 Est
493 2156 609 2186 vero
640 2147 692 2185 et
721 2143 772 2185 in
800 2142 918 2202 ipsis
949 2140 1204 2185 arboribus
1236 2141 1390 2185 etiam
1419 2141 1610 2185 onustis
1638 2155 1788 2202 pecu-

311 2237 442 2281 liaris
463 2235 772 2281 differentia:
806 2252 1000 2281 summa
1020 2239 1093 2281 sui
1111 2242 1257 2298 parte
1278 2234 1543 2281 fertiliores
1564 2235 1788 2289 arbutus,

309 2349 536 2395 quercus,
555 2331 786 2378 inferiore
807 2331 1071 2394 iuglandis,
1091 2331 1168 2377 fici
1188 2334 1443 2377 mariscae.
1512 2334 1669 2377 omnis
1690 2347 1787 2394 quo

664 2483 680 2508 ยน
709 2482 870 2521 Brotier
887 2482 977 2522 coll.
999 2492 1114 2521 XVIII
1136 2483 1212 2520 188
1231 2497 1240 2521 :
1274 2481 1438 2521 Venesi.

307 2559 394 2613 462
