1940 2998
591 174 834 220 PLINY:
898 173 1228 220 NATURAL
1273 172 1569 220 HISTORY

338 309 470 348 terra
478 318 503 347 e
517 304 744 364 proxima
758 304 1009 347 crassiora.
1078 304 1128 346 in
1141 301 1507 363 longitudinem
1525 306 1818 346 excrescunt

339 403 493 457 abies,
522 402 663 456 larix,
691 401 876 464 palma,
906 418 1184 464 cupressus,
1216 401 1376 446 ulmus
1415 408 1466 446 et
1506 404 1544 446 si
1583 417 1681 463 qua
1711 402 1818 446 uni-

338 505 525 565 stirpia.
594 518 901 547 ramosarum
936 518 1133 547 cerasus
1168 504 1322 547 etiam
1363 504 1413 546 in
1445 515 1505 546 XL
1537 501 1818 547 cubitorum

337 602 506 649 trabes
551 601 747 664 aequali
788 618 880 665 per
921 608 1084 647 totam
1128 601 1282 647 duum
1326 601 1607 646 cubitorum
1649 603 1819 646 crassi-

336 703 512 749 tudine
553 706 816 766 reperitur.
887 702 1136 765 quaedam
1177 705 1350 747 statim
1390 704 1441 746 in
1481 717 1644 748 ramos
1684 717 1818 765 Spar-

337 810 542 866 guntur,
568 810 624 848 ut
649 802 781 848 mali.

238 909 314 949 126
403 903 505 949 LV.
544 903 729 949 Cortex
767 902 872 948 aliis
897 905 1081 958 tenuis,
1107 910 1164 948 ut
1200 903 1354 957 lauro,
1379 902 1535 957 tiliae,
1561 902 1666 948 aliis
1691 919 1813 948 cras·

337 1020 434 1059 sus,
461 1010 518 1049 ut
553 1004 733 1058 robori,
760 1003 866 1048 aliis
897 1002 1035 1059 levis,
1068 1010 1124 1048 ut
1156 1002 1304 1058 malo,
1338 1002 1447 1058 fico,
1479 1002 1614 1048 idem
1645 1003 1819 1048 scaber

334 1104 516 1158 robori,
553 1103 769 1166 palmae,
808 1104 1035 1148 omnibus
1073 1106 1124 1148 in
1162 1109 1370 1149 senecta
1406 1105 1645 1165 rugosior.
1714 1105 1819 1165 qui-

335 1204 548 1250 busdam
583 1206 830 1267 rumpitur
864 1210 1062 1266 sponte,
1098 1210 1154 1249 ut
1189 1206 1295 1258 viti,
1331 1202 1629 1265 quibusdam
1665 1205 1818 1248 etiam

335 1304 488 1359 cadit,
529 1311 586 1350 ut
626 1303 774 1359 malo,
817 1303 1051 1349 unedoni.
1120 1319 1353 1349 carnosus
1395 1304 1578 1359 suberi,
1616 1302 1818 1367 populo,

335 1405 747 1450 membranaceus
786 1407 892 1459 viti,
930 1403 1212 1458 harundini,
1249 1403 1384 1448 libris
1423 1403 1592 1448 similis
1630 1419 1818 1458 ceraso,

335 1504 599 1567 multiplex
640 1507 822 1551 tunicis
864 1504 1065 1560 vitibus,
1106 1503 1264 1559 tiliae,
1306 1503 1478 1559 abieti,
1521 1503 1816 1566 quibusdam

336 1604 564 1668 simplex,
587 1611 643 1650 ut
666 1604 775 1660 fico,
796 1603 1078 1649 harundini.

236 1710 313 1750 127
402 1704 533 1751 LVI.
574 1704 765 1767 Magna
790 1711 843 1750 et
868 1704 1092 1750 radicum
1113 1702 1424 1750 differentia:
1458 1706 1688 1768 copiosae
1709 1703 1818 1759 fico,

334 1805 515 1860 robori,
538 1805 762 1868 platano,
787 1805 963 1850 breves
1002 1812 1054 1850 et
1089 1811 1334 1867 angustae
1370 1803 1519 1860 malo,
1543 1803 1817 1866 singulares

335 1906 509 1960 abieti,
545 1905 709 1959 larici3
764 1904 968 1967 singulis
1007 1907 1141 1950 enim
1176 1907 1475 1960 innituntur,
1513 1921 1817 1967 quamquam

335 2008 538 2051 minutis
600 2008 650 2050 in
711 2005 871 2050 latera
929 2005 1176 2068 dispersis.
1244 2007 1504 2051 crassiores
1565 2004 1703 2051 lauro
1766 2012 1817 2051 et

335 2105 641 2167 inaequales,
680 2108 805 2151 item
845 2105 1004 2161 oleae,
1043 2108 1122 2151 cui
1162 2112 1214 2151 et
1253 2120 1506 2160 ramosae3
1564 2112 1617 2152 at
1655 2106 1817 2151 robori

334 2222 587 2251 carnosae.
655 2206 833 2250 robora
888 2222 1000 2251 suas
1055 2208 1107 2251 in
1159 2205 1464 2269 profundum
1520 2213 1706 2269 agunt:
1778 2208 1816 2251 si

335 2305 555 2367 Vergilio
580 2306 784 2367 quidem
807 2306 1071 2360 credimus,
1095 2305 1319 2352 aesculus
1345 2313 1590 2368 quantum
1611 2322 1815 2369 corpore

237 2411 313 2450 128
338 2409 527 2451 eminet
552 2412 751 2451 tantum
780 2405 946 2452 radice
975 2405 1254 2452 descendit.
1322 2405 1462 2452 oleae
1491 2405 1733 2469 malisque
1764 2413 1815 2452 et

333 2572 423 2616 470
