1925 2998
575 184 821 231 PLINYx
885 183 1215 229 NATURAL
1261 182 1557 229 HISTORY

233 319 310 359 197
398 312 490 358 Est
523 310 692 356 inter1
727 327 781 356 se
816 312 1045 373 gentium
1082 326 1280 372 quoque
1315 312 1366 354 in
1400 308 1474 356 his
1509 309 1804 356 differentia.

330 378 539 442 Alpibus
588 378 991 440 Appenninoque
1038 375 1429 431 laudatissimae,
1476 379 1527 421 in
1576 376 1806 422 Galliae2

333 445 526 490 Iuribus
580 460 637 489 ac
690 450 862 489 monte
917 443 1130 505 Vosego,
1183 445 1235 488 in
1289 442 1501 498 Corsica,
1554 441 1807 506 Bithynia,

333 509 510 566 Ponto,
535 509 851 555 Macedonia.
919 509 1140 555 deterior
1161 509 1439 555 Aenianica
1469 515 1522 555 et
1547 509 1808 564 Arcadica,

328 579 545 641 pessima
580 575 815 622 Parnasia
849 582 902 621 et
937 575 1176 631 Euboica,
1211 578 1447 637 quoniam
1481 592 1706 622 ramosae
1740 577 1808 622 ibi

331 651 384 690 et
424 650 684 689 contortae
724 649 1176 706 putrescentesque
1217 641 1378 688 facile.
1447 649 1500 688 at
1539 642 1717 689 cedrus
1758 645 1809 688 in

332 710 500 765 Creta,
541 708 728 764 Africa,
769 708 910 772 Syria
950 708 1308 754 laudatissima.
1374 707 1511 754 cedri
1550 708 1660 755 oleo
1700 725 1809 770 per-

232 785 308 823 198
333 784 484 823 uncta
513 779 750 821 materies
780 792 874 821 nec
903 778 1081 821 tiniam
1112 791 1204 821 nec
1234 777 1419 820 cariem
1448 778 1619 821 sentit.
1687 778 1811 820 iuni-

332 860 452 905 pero
470 842 650 889 eadem
666 845 821 888 virtus
840 858 968 903 quae
986 841 1137 887 cedro
1154 856 1165 895 ;
1201 848 1343 887 vasta
1358 839 1483 887 haec
1499 844 1551 887 in
1568 841 1811 903 Hispania

331 912 650 970 maximeque
704 908 970 962 Vaccaeis;
1040 907 1259 954 medulla
1312 910 1417 954 eius
1470 907 1811 970 ubicumque³

332 976 530 1022 solidior
591 978 745 1021 etiam
806 991 957 1036 quam
1016 974 1208 1020 cedrus.
1276 974 1530 1036 publicum
1591 977 1811 1021 omnium

333 1045 509 1088 vitium
537 1048 718 1087 vocant
747 1044 920 1102 spiras,
951 1041 1035 1086 ubi
1063 1040 1356 1087 convolvere
1385 1057 1439 1086 se
1469 1057 1627 1087 venae
1658 1048 1811 1103 atque

332 1108 465 1155 nodi.
532 1110 853 1154 inveniuntur
889 1111 940 1152 in
977 1108 1277 1169 quibusdam
1313 1110 1442 1153 sicut
1478 1111 1529 1153 in
1565 1124 1811 1153 marmore

328 1183 516 1231 centra,
555 1174 605 1220 id
649 1181 726 1220 est
768 1174 954 1220 duritia
995 1174 1133 1220 clavo
1176 1173 1363 1229 similis,
1398 1176 1598 1219 inimica
1639 1177 1812 1228 serris3

333 1249 386 1288 et
418 1241 668 1303 quaedam
699 1240 829 1287 forte
863 1240 1112 1296 accidunt,
1145 1248 1203 1286 ut
1222 1240 1242 1269 4
1272 1240 1439 1302 lapide
1471 1239 1813 1302 conprehenso

331 1308 427 1354 ac5
472 1314 678 1369 recepto
722 1310 773 1352 in
818 1323 994 1369 corpus
1042 1314 1130 1353 aut
1176 1307 1380 1352 alterius
1427 1308 1612 1353 arboris
1657 1324 1811 1353 ramo.

333 1374 502 1421 ferunt
522 1374 714 1436 lapides
734 1377 806 1419 ita
826 1377 1055 1419 inventos
1076 1373 1140 1420 ad
1160 1373 1489 1419 continendos
1510 1381 1682 1435 partus
1704 1390 1812 1420 esse

232 1449 310 1488 199
333 1441 596 1487 remedio.⁶
671 1439 893 1503 Megaris
929 1440 1015 1486 diu
1051 1443 1196 1486 stetit
1237 1439 1451 1486 oleaster
1486 1443 1537 1485 in
1578 1439 1701 1495 foro,
1736 1443 1813 1486 cuj

332 1511 421 1554 viri
455 1506 609 1554 fortes
646 1507 928 1553 adfixerant
969 1523 1124 1561 arma,
1160 1523 1290 1568 quae
1331 1509 1516 1553 cortice
1558 1507 1813 1553 ambiente

334 1581 474 1621 aetas
509 1574 659 1636 longa
694 1573 1059 1628 occultaverat3
1104 1572 1299 1635 fuitque
1337 1573 1481 1619 arbor
1515 1572 1598 1619 illa
1633 1573 1815 1628 fatalis,

316 1640 529 1687 >excidio
556 1641 689 1686 urbis
724 1643 1038 1702 praemonito
1061 1639 1080 1669 '⁷
1117 1639 1314 1686 oraculo
1349 1656 1463 1685 cum
1499 1640 1644 1685 arbor
1679 1657 1815 1685 arma

333 1710 628 1769 peperisset,
676 1707 811 1768 quod
857 1709 1076 1753 succisae
1125 1706 1308 1752 accidit
1355 1708 1511 1753 ocreis
1558 1706 1814 1769 galeisque

335 1777 467 1820 intus
495 1776 723 1835 repertis.

385 1894 400 1918 1
429 1893 541 1932 inter
560 1892 654 1932 add.
676 1892 901 1932 Raclcham.

382 1947 397 1970 ²
426 1946 619 1986 Galliae?
653 1946 850 1997 Mayhoff
864 1961 873 1985 :
905 1945 1057 1985 Gallia.

382 2001 398 2023 ³
427 2001 609 2050 utique?
641 1999 848 2050 stIayhoff.

384 2055 397 2076 ⁴
428 2058 477 2092 ut·
496 2053 665 2092 Dalec.:
697 2054 754 2092 in.

388 2107 402 2128 ⁵
431 2110 512 2146 ac?
545 2107 764 2157 Maylzoff:
797 2111 887 2145 aut.

384 2162 399 2184 ⁶
428 2159 572 2199 ferunt
602 2190 611 2198 .
644 2190 653 2198 .
687 2190 695 2198 .
726 2159 914 2198 remedio
961 2159 1026 2199 hic
1080 2160 1392 2210 Warminqton:
1459 2159 1575 2210 infra
1619 2162 1710 2210 post
1756 2172 1815 2198 re-

340 2213 484 2264 pertis.

384 2268 400 2291 ⁷
432 2266 642 2306 Raclcham
661 2281 670 2305 ε
702 2267 973 2316 praemonita
992 2271 1064 2304 aut
1085 2267 1390 2316 praemonitas.

391 2464 408 2482 ‘¹
438 2458 627 2551 {erhaps
665 2457 739 2497 the
778 2457 906 2497 Latin
945 2457 1099 2496 should
1138 2457 1190 2496 be
1228 2457 1391 2497 altered
1430 2463 1476 2497 to
1513 2458 1610 2509 give
1650 2458 1659 2473 ‘
1677 2462 1725 2498 at
1763 2457 1816 2498 a-ll

331 2525 438 2550 even
462 2526 482 2551 s
502 2526 550 2552 is.

337 2588 426 2646 516
