1909 2998
201 643 248 680 61

201 1284 252 1323 62

199 2355 248 2392 63

536 189 778 235 PLINY:
844 189 1172 235 NATURAL
1218 188 1515 236 HISTORY

284 332 505 362 crescere
533 316 863 378 amplitudine
891 319 1077 361 maiore
1106 333 1257 378 quam
1280 319 1472 378 possint
1497 319 1547 361 in
1572 317 1760 363 arbore.

284 430 456 469 cetera
494 423 625 468 mala
664 430 716 468 et
755 422 882 469 foliis
923 422 1126 478 ficulnis,
1164 429 1522 485 praeterquam
1561 423 1762 479 cadivis,

285 529 477 592 singula
517 529 737 575 convolvi
778 532 1014 592 cistisque
1058 529 1276 575 vitilibus
1317 529 1463 575 condi
1505 528 1584 575 vel
1624 536 1761 576 creta

287 636 598 698 figulinarum
648 636 800 682 inlini.
868 639 976 699 pira
1025 640 1075 681 in
1126 639 1252 682 vasis
1303 636 1535 682 fictilibus
1583 639 1761 700 picatis

283 746 484 789 inversis
515 744 653 789 obrui
683 751 820 790 terra
850 746 901 788 in
931 743 1146 789 scrobe.l
1212 742 1486 789 Tarentina
1515 746 1761 789 serissima

283 850 398 912 legi,
427 851 671 896 Aniciana
702 853 886 896 servari
919 857 972 896 et
1003 853 1054 895 in
1084 867 1247 913 passo,
1280 850 1427 896 sorba
1458 867 1675 913 quoque,
1709 857 1762 896 et

283 958 531 1003 scrobibus
589 965 803 1021 gypsato
860 957 1110 1020 operculo,
1169 957 1325 1003 duum
1379 957 1569 1020 pedum
1625 964 1761 1003 terra

283 1068 632 1127 superiniecta,
655 1068 706 1110 in
728 1065 836 1111 loco
860 1068 1045 1127 aprico,
1069 1067 1275 1110 inversis
1299 1067 1444 1120 vasis,
1469 1071 1522 1111 et
1544 1067 1596 1110 in
1620 1063 1761 1111 doliis

283 1179 339 1217 ut
362 1189 479 1218 uvas
502 1189 615 1218 cum
637 1176 784 1218 ramis
808 1172 1061 1235 suspendi.

347 1278 389 1324 E
419 1282 655 1342 proximis
689 1279 972 1325 auctoribus
1007 1278 1210 1341 quidam
1243 1278 1389 1325 altius
1421 1295 1590 1325 curam
1620 1295 1762 1342 repe-

282 1392 415 1441 tunt,
460 1386 794 1449 deputarique
840 1389 1012 1432 statim
1055 1402 1206 1449 poma
1251 1402 1308 1432 ac
1352 1388 1478 1432 vites
1523 1385 1588 1431 ad
1630 1384 1762 1432 hunc

283 1510 425 1539 usum
453 1497 769 1557 praecipiunt
798 1494 1124 1540 decrescente
1154 1493 1288 1549 luna,
1316 1500 1431 1557 post
1460 1492 1633 1539 horam
1662 1493 1760 1540 diei

281 1604 502 1656 tertiam,
550 1601 689 1647 caelo
738 1618 914 1647 sereno
965 1608 1052 1647 aut
1102 1604 1241 1647 siccis
1291 1603 1468 1647 ventis.
1536 1600 1762 1647 similiter

282 1708 433 1771 deligi
451 1715 503 1754 et
521 1725 582 1755 ex
600 1709 718 1754 locis
735 1712 875 1755 siccis
894 1716 946 1755 et
964 1716 1082 1755 ante
1099 1707 1379 1772 perfectam
1396 1711 1760 1764 maturitatem,

282 1815 454 1861 addito
489 1823 545 1862 ut
579 1816 696 1862 luna
731 1815 859 1861 infra
892 1823 1080 1862 terram
1115 1819 1196 1871 sit,
1232 1832 1350 1862 uvas
1385 1832 1498 1862 cum
1532 1815 1760 1862 malleolo

281 1926 519 1968 sarmenti
550 1923 690 1978 duro,
722 1923 941 1986 demptis
972 1922 1141 1969 forfice
1173 1923 1560 1986 corruptioribus
1592 1926 1759 1979 acinis,

281 2032 331 2074 in
363 2029 494 2076 dolio
525 2033 693 2092 picato
726 2033 918 2076 recenti
952 2030 1205 2093 suspendi,
1240 2029 1440 2076 exclusa
1473 2032 1607 2075 omni
1640 2046 1760 2076 aura

280 2136 511 2198 operculo
564 2144 615 2182 et
666 2153 839 2200 gypso.
908 2140 974 2182 sic
1027 2143 1078 2182 et
1131 2136 1275 2182 sorba
1327 2152 1383 2182 ac
1432 2139 1556 2199 pira,
1608 2136 1757 2182 inlitis

281 2246 501 2288 omnium
541 2243 744 2289 surculis
782 2246 909 2307 pice.
979 2242 1109 2289 dolia
1148 2242 1318 2306 procul
1360 2244 1423 2288 ab
1463 2260 1593 2305 aqua
1632 2260 1755 2289 esse.

281 2349 482 2411 quidam
507 2352 574 2395 sic
606 2367 718 2395 cum
747 2349 955 2413 palmite
980 2352 1086 2413 ipso
1110 2349 1348 2405 condunt,
1374 2350 1620 2413 capitibus
1653 2352 1756 2396 eius

437 2486 453 2510 ²
480 2486 690 2525 Racklzam
710 2501 718 2526 :
750 2486 871 2525 obrui
892 2488 1003 2525 inter
1023 2486 1197 2526 scrobae
1216 2492 1288 2526 aut
1308 2486 1431 2525 obrui
1451 2486 1611 2526 scrobe.

281 2585 368 2630 330
