1909 2998
250 465 301 503 93

249 988 300 1026 94

245 1688 296 1725 95

586 158 831 205 PLINY:
894 158 1223 205 NATURAL
1267 158 1563 206 HISTORY

335 289 579 341 universa,
635 288 816 332 ceteris
877 285 1271 349 paulatim.—Et
1333 286 1397 332 de
1461 285 1588 333 foliis
1639 286 1787 335 hacte

334 389 439 418 nus.

400 458 635 505 XXXIX.
675 459 811 505 Ordo
832 466 1002 505 autem
1024 466 1233 505 naturae
1255 476 1446 506 annuus
1465 462 1538 506 ita
1555 477 1608 507 se
1627 459 1809 508 habet:

330 548 519 609 primus
551 553 628 592 est
658 553 930 608 conceptus
962 545 1081 592 flare
1112 549 1384 609 incipiente
1416 554 1566 592 vento
1597 546 1809 604 favonio,

334 649 396 679 ex
434 649 477 678 a.
517 632 565 678 d.
604 631 709 678 fere
746 647 795 678 vl
840 632 949 678 idus
988 632 1132 678 Febr.
1216 631 1309 678 hoc
1346 635 1644 679 maritantur
1680 637 1809 681 vive-

332 722 524 766 scentia
568 735 595 765 e
639 726 792 774 terra,
832 721 1015 782 quippe
1057 736 1169 764 cum
1207 722 1360 764 etiam
1406 735 1566 782 equae
1611 723 1662 765 in
1698 721 1808 767 His-

331 809 497 870 pania,
522 813 578 852 ut
605 806 847 851 diximus:
884 805 962 851 hic
989 813 1066 851 est
1089 805 1323 868 genitalis
1352 808 1553 868 spiritus
1582 807 1754 853 mundi
1780 825 1808 854 a

331 892 545 940 fovendo
593 892 770 949 dictus,
821 899 878 938 ut
927 892 1129 955 quidam
1179 895 1542 939 existimavere.
1610 893 1699 940 flat
1745 895 1808 940 ab

333 997 509 1026 occasu
525 979 874 1042 aequinoctiali
890 996 976 1025 ver
990 978 1241 1025 inchoans.
1281 978 1591 1026 catlitionem
1604 980 1623 1009 1
1639 984 1807 1027 rustici

331 1074 527 1123 vocant,
571 1070 825 1129 gestiente
871 1073 1051 1112 natura
1095 1069 1287 1112 semina
1331 1069 1585 1130 accipere3
1647 1084 1806 1130 eaque

331 1158 547 1201 animam
565 1153 760 1200 ferente
779 1154 1006 1199 omnibus
1024 1156 1144 1199 satis
1161 1155 1449 1216 concipiunt
1467 1156 1611 1200 variis
1630 1154 1807 1202 diebus

332 1249 384 1288 et
402 1259 493 1306 pro
514 1259 603 1288 sua
624 1257 854 1304 quaeque
876 1247 1073 1296 natura,
1096 1240 1192 1286 alia
1210 1243 1456 1303 protinus,
1479 1247 1536 1286 ut
1559 1241 1807 1298 animalia,

330 1329 520 1376 tardius
546 1328 711 1391 aliqua
736 1335 789 1374 et
808 1327 995 1374 diutius
1020 1327 1226 1390 gravida
1249 1333 1422 1390 partus
1447 1334 1647 1390 gerunt,
1675 1329 1807 1391 quod

329 1419 629 1480 germinatio
657 1415 772 1461 ideo
802 1422 1022 1461 vocatur.
1089 1417 1293 1478 pariunt
1322 1430 1439 1460 vero
1468 1430 1581 1460 cum
1611 1414 1807 1472 florent,

330 1503 518 1567 flosque
540 1502 621 1549 ille
643 1505 802 1566 ruptis
824 1508 1022 1548 constat
1044 1501 1267 1547 utriculis
1284 1516 1295 1556 ;
1335 1501 1567 1547 educatio
1587 1504 1638 1547 in
1657 1519 1806 1566 pomo

329 1598 421 1638 est.

392 1678 532 1724 Haec
548 1676 567 1706 ²
593 1683 646 1723 et
664 1678 964 1739 germinatio
987 1675 1126 1720 labor
1146 1675 1377 1720 arborum
1394 1674 1437 1728 33
1472 1675 1581 1721 XL.
1619 1674 1707 1722 flos
1728 1683 1805 1722 est

326 1765 462 1829 pleni
482 1767 608 1810 veris
633 1763 870 1809 indicium
895 1769 949 1809 et
973 1765 1089 1807 anni
1113 1764 1438 1816 renascentiS‚
1458 1760 1546 1807 flos
1565 1762 1804 1825 gaudium

328 1853 587 1898 arborum:
636 1857 757 1896 tunc
787 1866 841 1896 se
872 1865 1024 1895 novas
1056 1848 1276 1911 aliasque
1310 1864 1460 1911 quam
1492 1855 1609 1894 sunt
1640 1856 1805 1895 osten-

328 1940 471 1995 dunt,
496 1945 617 1984 tunc
642 1940 787 1983 variis
812 1936 1032 1982 colorum
1055 1938 1262 1999 picturis
1286 1938 1337 1980 in
1361 1941 1620 1981 certamen
1645 1952 1802 1999 usque

327 2026 596 2073 luxuriant.
664 2024 754 2070 sed
790 2022 883 2069 hoc
921 2029 1163 2085 negatum
1198 2021 1479 2085 plerisque3
1533 2038 1633 2067 non
1671 2025 1803 2068 enim

327 2129 499 2159 omnes
529 2111 725 2166 florent,
755 2116 808 2156 et
837 2116 953 2155 sunt
981 2112 1149 2155 tristes
1176 2107 1424 2171 quaedam
1450 2124 1680 2171 quaeque
1704 2125 1802 2155 non

327 2202 550 2246 sentiant
586 2197 772 2260 gaudia
810 2210 1079 2250 annorum3
1133 2211 1250 2240 nam
1288 2210 1451 2257 neque
1490 2193 1606 2250 ilex,
1641 2197 1801 2258 picea,

476 2361 490 2384 ¹
522 2359 817 2398 catulitionem
839 2356 1077 2403 Caesar-im,
1097 2355 1168 2395 sed
1185 2361 1259 2395 stet
1274 2355 1432 2394 rustica
1451 2355 1617 2395 locutio.

470 2414 485 2436 '³
514 2411 733 2463 Maylwff:
763 2411 858 2450 hoc.

472 2469 486 2490 ⁷³
513 2466 779 2506 Salmasius:
806 2463 1062 2517 germinatio
1081 2462 1292 2503 laborum.

324 2559 411 2613 448
