1909 2998
251 638 300 675 16

248 1200 296 1238 17

245 1683 295 1721 18

588 183 832 229 PLINY:
896 183 1226 229 NATURAL
1271 183 1568 230 HISTORY

334 311 575 372 nigerque
609 308 854 371 vulgares.
923 315 1126 355 tument
1157 325 1274 355 vero
1306 326 1638 356 mammarum
1667 311 1816 358 modo

332 390 580 443 bumasti;
623 388 907 452 praelongis
936 389 1124 452 dactyli
1151 392 1475 452 porriguntur
1502 393 1669 437 acinis.
1737 398 1816 439 est

333 477 386 516 et
413 468 496 515 illa
524 476 736 515 naturae
763 469 967 515 lascivia
995 476 1052 515 ut
1078 469 1476 533 praegrandibus
1506 469 1816 518 adhaereant

329 552 470 613 parvi
502 552 730 605 comites,
764 551 1014 596 suavitate
1047 557 1332 604 certantes;
1382 550 1693 614 leptorragas
1725 551 1815 599 has

331 637 526 676 vocant.
595 629 780 676 durant
831 629 957 676 aliae
1009 646 1100 693 per
1151 629 1361 686 hiemes,
1411 630 1591 694 pensili
1641 647 1816 679 conca-

330 717 556 756 maratae
604 710 764 764 nod03
832 709 959 756 aliae
1008 713 1059 755 in
1108 727 1197 756 sua
1245 716 1447 756 tantum
1494 714 1817 758 continentur

331 794 497 836 anima
515 790 620 836 ollis
639 790 872 836 fictilibus
891 797 943 836 et
960 793 1163 854 insuper
1180 790 1323 837 doliis
1340 790 1578 847 inclusae,
1595 795 1815 855 stipatae

331 874 546 917 vinaceis
602 871 1114 925 circumsudantibus3
1177 871 1284 917 aliis
1340 874 1575 934 gratiam,
1633 875 1717 935 qui
1763 880 1816 920 et

330 954 471 1007 vinis,
491 950 656 997 fumus
682 950 865 1007 adfert,
885 950 1174 1014 fabrilisque
1199 955 1250 996 in
1276 968 1336 998 ea
1359 968 1414 998 re
1438 951 1648 1015 gloriam
1672 970 1814 1016 prae-

329 1032 561 1095 cipuam1
598 1031 880 1078 fornacibus
918 1031 1118 1077 Africae
1153 1032 1339 1078 Tiberii
1379 1031 1605 1078 Caesaris
1647 1040 1816 1080 aucto-

329 1115 450 1158 ritas
477 1112 599 1158 fecit
620 1126 631 1166 3
677 1119 796 1158 ante
824 1129 940 1158 eum
968 1112 1187 1158 Raeticis
1212 1115 1347 1176 prior
1371 1129 1547 1159 mensa
1572 1120 1687 1159 erat
1708 1117 1815 1161 uvis

330 1193 426 1239 ex2
458 1193 838 1239 Veroniensium
863 1209 998 1255 agro.
1068 1195 1188 1255 quin
1214 1199 1267 1239 et
1297 1209 1326 1238 a
1353 1195 1606 1257 patientia
1630 1209 1814 1240 nomen

328 1276 480 1319 acinis
539 1273 689 1319 datur
745 1276 920 1337 passis.
988 1273 1272 1319 conduntur
1331 1280 1385 1319 et
1444 1280 1611 1320 musto
1670 1291 1815 1331 uvae,

326 1357 567 1417 ipsaeque
619 1357 733 1400 vino
785 1370 874 1399 suo
926 1354 1254 1410 inebriantur,
1315 1353 1442 1399 aliae
1501 1353 1712 1401 decocto
1763 1357 1815 1402 in

328 1442 495 1481 musto
519 1434 844 1488 dulcescunt;
873 1434 1001 1480 aliae
1030 1451 1147 1480 vero
1172 1434 1399 1480 subolem
1423 1451 1604 1480 novam
1628 1437 1680 1480 in
1706 1438 1815 1498 ipsa

327 1523 490 1561 matre
538 1521 814 1578 expectant
861 1514 1138 1561 tralucidae
1179 1518 1324 1570 vitro,
1374 1514 1618 1577 additque
1660 1518 1813 1562 acinis

327 1595 541 1642 eandem
571 1612 723 1658 quam
750 1598 801 1641 in
829 1594 972 1641 doliis
1001 1594 1314 1658 amphorisve
1343 1594 1649 1641 duratricem
1677 1595 1813 1642 illam

328 1676 619 1722 firmitatem
676 1678 944 1722 austeritas
998 1677 1121 1739 picis
1179 1674 1342 1720 infusa
1397 1675 1644 1738 pediculo.
1712 1678 1812 1722 iam

326 1759 533 1802 inventa
553 1759 668 1802 vitis
692 1773 785 1819 per
805 1773 858 1802 se
880 1759 931 1801 in
953 1758 1066 1801 vino
1087 1759 1254 1818 picem
1276 1758 1537 1819 resipiens,
1560 1755 1812 1802 Viennen-

327 1853 433 1883 sem
457 1854 633 1899 agrum
656 1836 926 1882 nobilitans
949 1836 1183 1881 Taburno
1207 1834 1496 1897 Sotanoque
1521 1843 1574 1881 et
1600 1835 1811 1883 Helvico

325 1918 611 1979 generibus,
636 1934 736 1963 non
763 1916 960 1980 pridem
984 1915 1109 1962 haec
1134 1915 1400 1961 inlustrata
1424 1923 1578 1978 atque
1605 1915 1809 1979 Vergilii

327 2000 453 2043 vatis
492 2004 664 2044 aetate
702 2000 975 2060 incognita,
1023 2013 1051 2042 a
1102 1998 1240 2042 cuius
1292 1996 1434 2042 obitu
1483 2010 1542 2041 xc
1593 2003 1812 2059 aguntur

581 2128 597 2152 ¹
628 2128 680 2166 M
682 2127 826 2178 ayhoff
840 2142 849 2166 :
880 2128 922 2166 in
944 2140 993 2166 ea
1013 2127 1146 2178 gloria
1167 2127 1396 2178 praecipua
1416 2128 1473 2166 in.

579 2182 595 2205 ²
625 2183 720 2220 uvis
740 2195 791 2220 ex
815 2181 1035 2231 Maylcofs:
1067 2186 1111 2220 et
1132 2181 1226 2219 ullis
1249 2182 1289 2230 (e
1309 2181 1419 2219 villis
1439 2180 1560 2228 edd.).

377 2401 393 2418 ‘¹
422 2394 511 2433 The
531 2393 667 2433 Greek
689 2406 814 2432 name
835 2405 984 2431 means
1008 2398 1018 2414 ‘
1032 2392 1314 2431 cow's-udder
1334 2391 1513 2442 grapes.’

324 2501 366 2539 in
377 2447 576 2540 ⁶133?de
597 2452 674 2486 not
694 2447 804 2486 from
820 2446 962 2496 patior
987 2446 1066 2484 but
1086 2446 1196 2484 from
1214 2445 1367 2495 pando,
1389 2445 1541 2496 spread
1562 2449 1638 2484 out
1658 2449 1705 2484 to
1724 2445 1803 2496 dry

331 2578 415 2635 196
