1909 2998
207 678 254 716 13

206 1397 255 1435 14

539 184 783 231 PLINY:
847 184 1175 231 NATURAL
1219 184 1516 232 HISTORY

286 311 539 359 haerendo
576 315 708 358 enim
743 311 875 358 ultra
909 328 1053 357 suum
1087 319 1288 374 tempus
1324 312 1594 361 absumunt
1629 319 1763 362 veni-

288 403 486 448 entibus
514 402 810 448 alimentum
838 409 890 448 et
917 401 1148 447 detinent
1174 401 1366 448 locum:
1410 413 1764 466 argumentum

288 499 365 538 est
406 491 540 555 quod
580 494 672 537 nisi
712 498 832 537 ante
871 490 1126 537 favonium
1165 490 1407 538 collectae
1447 508 1598 540 novas
1639 497 1764 542 vires

287 588 546 628 resumunt
573 588 626 627 et
650 580 891 627 difficilius
915 581 1119 627 cadunt.

346 671 429 716 IV.
469 670 658 716 Prima1
674 687 792 734 ergo
813 671 876 716 ab
891 677 1133 717 autumno
1148 670 1397 734 colligitur
1409 674 1528 719 vitio
1545 674 1768 736 operae,²

287 777 386 806 non
406 768 638 815 naturae,
657 764 797 822 posia
821 764 899 806 cui
924 759 1192 822 plurimum
1213 764 1390 817 carm‘s,
1413 779 1530 808 mox
1553 762 1766 812 orchites

286 854 364 897 cuj
389 850 502 904 olei,
525 857 639 912 post
663 850 846 896 radius.
928 849 1017 896 has
1043 854 1176 896 enim
1206 853 1432 897 ocissime
1460 855 1767 915 occupatas,3

288 944 405 1003 quia
473 947 589 986 sunt
658 943 981 994 tenerrimae,
1046 956 1250 986 amurca
1313 944 1449 1004 cogit
1517 942 1764 991 decidere.

287 1029 584 1076 differuntur
607 1046 724 1076 vero
755 1033 911 1076 etiam
935 1033 987 1075 in
1014 1029 1258 1076 Martium
1282 1047 1508 1077 mensem
1535 1032 1767 1090 callosae,

286 1127 460 1166 contra
484 1137 709 1166 umorem
734 1136 989 1183 pugnaces
1014 1120 1078 1166 ob
1102 1120 1253 1182 idque
1278 1123 1533 1177 minimae,
1559 1122 1766 1180 Licinia,

287 1210 529 1265 Cominia,
552 1211 749 1265 Contia,
772 1209 963 1273 Sergia,
986 1227 1138 1273 quam
1161 1209 1330 1256 Sabini
1354 1215 1545 1275 regiam
1569 1223 1766 1270 vocant,

288 1317 388 1347 non
414 1308 533 1347 ante
560 1300 744 1347 favonii
772 1300 1016 1347 adflatum
1043 1303 1388 1364 nigrescentis,
1415 1300 1510 1349 hoc
1538 1310 1615 1349 est
1643 1320 1688 1350 a.
1715 1304 1764 1351 d.

283 1407 332 1436 vl
375 1391 442 1437 id.
488 1391 607 1437 Feb.
651 1398 772 1437 tunc
814 1390 1122 1437 arbitrantur
1168 1407 1253 1437 eas
1308 1399 1667 1448 maturescere,
1713 1402 1766 1442 et

286 1484 521 1543 quoniam
553 1481 956 1543 probatissimum
990 1497 1052 1527 ex
1083 1479 1157 1527 his
1190 1480 1280 1527 fiat
1310 1481 1493 1536 oleum,
1524 1483 1764 1531 accedere

286 1574 441 1617 etiam
493 1575 622 1617 ratio
673 1574 910 1633 pravitati
963 1570 1187 1626 videtur3
1258 1571 1528 1634 feruntque
1580 1573 1763 1636 frigore

285 1664 637 1707 austeritatem
670 1661 773 1707 fieri
811 1664 939 1707 sicut
974 1664 1170 1723 copiam
1206 1664 1521 1718 maturitate,
1552 1679 1666 1709 cum
1701 1667 1766 1711 sit

286 1750 370 1796 illa
403 1752 600 1797 bonitas
637 1768 735 1796 non
770 1754 1027 1812 temporis,
1062 1751 1151 1797 sed
1185 1754 1382 1814 generis
1416 1752 1562 1798 tarde
1596 1760 1765 1815 putre-

285 1844 530 1888 scentium
567 1844 616 1886 in
654 1858 926 1887 amurcam.
993 1840 1163 1887 similis
1200 1858 1335 1887 error
1368 1840 1630 1888 collectam
1666 1861 1765 1890 ser-

287 1931 433 1976 vandi
467 1933 518 1975 in
551 1930 792 1976 tabulatis
826 1947 918 1976 nec
951 1934 1085 1993 prius
1120 1947 1271 1993 quam
1305 1931 1453 1977 sudet
1485 1933 1764 1994 premendi,

285 2038 398 2066 cum
429 2024 564 2066 omni
595 2037 733 2066 mora
765 2020 929 2066 oleum
961 2020 1236 2076 decrescat,
1267 2037 1469 2067 amurca
1500 2030 1761 2085 augeatur.

284 2113 456 2173 itaque
482 2110 627 2173 volgo
651 2127 750 2156 non
776 2110 986 2172 amplius
1013 2127 1156 2156 senas
1181 2110 1331 2156 libras
1355 2111 1560 2174 singulis
1585 2113 1761 2159 modiis

287 2203 496 2262 exprimi
548 2200 747 2246 dicunt:
818 2217 1050 2246 amurcae
1102 2216 1387 2245 mensuram
1439 2217 1587 2247 nemo
1639 2206 1762 2265 agit,

624 2360 641 2436 ζ
672 2361 835 2450 grilrnae
858 2359 1062 2410 Mayhoff.

622 2466 637 2489 ³
676 2425 1098 2516 Ιῐῗίῗζᾷοῧὲἓῖθὲεωε
1123 2468 1285 2512 (aestas
1308 2465 1432 2515 αἰῶ).

284 2563 371 2620 296
