1909 2998
544 179 788 226 PLINY:
851 179 1182 225 NATURAL
1226 178 1524 226 HISTORY

209 318 260 354 47
357 308 570 354 XXVII.
608 306 762 352 Nardi
782 309 878 351 vim
897 305 1054 351 habet
1074 313 1126 352 et
1146 322 1360 361 asarum,
1377 304 1511 367 quod
1537 312 1590 351 et
1608 307 1772 369 ipsum

294 374 445 436 aliqui
462 373 686 419 silvestre
703 373 913 418 nardum
930 372 1202 435 appellant.
1271 379 1349 417 est
1363 378 1537 418 autem
1551 371 1772 418 hederae

296 440 442 493 foliis,
491 440 861 486 rotundioribus
910 446 1111 485 tantum
1159 438 1607 500 mollioribusque,1
1654 437 1774 484 flore

291 523 560 570 purpureo,
613 506 779 552 radice
835 505 1012 551 Gallici
1065 505 1224 560 nardi,
1277 508 1467 550 semine
1521 507 1774 551 acinorum

293 577 480 636 saporis
521 573 669 618 calidi
711 589 767 618 ac
809 575 984 627 vinosi,
1025 574 1076 617 in
1117 572 1372 618 montibus
1414 571 1657 617 umbrosis
1698 572 1774 617 bis

293 657 423 685 anno
479 639 673 685 florens.
742 642 989 702 optimum
1043 641 1095 683 in
1151 636 1332 693 Ponto,
1386 640 1670 701 proximum
1724 640 1775 683 in

294 705 528 769 Phrygia,
585 708 795 752 tertium
851 708 902 750 in
961 704 1173 768 Illyrico.
1242 703 1431 750 foditur
1486 720 1601 751 cum
1658 703 1776 749 solia

292 776 497 819 mittere
538 775 712 836 incipit
754 779 807 818 et
846 774 897 817 in
937 772 1040 818 sole
1080 775 1311 826 siccatur,
1351 770 1584 817 celeriter
1623 773 1776 816 situm

292 839 497 886 trahens
531 856 587 884 ac
620 855 900 885 senescens.
969 841 1174 884 inventa
1206 854 1365 901 nuper
1398 845 1451 883 et
1481 840 1533 883 in
1564 837 1776 884 Thracia

292 906 449 953 herba
473 913 550 952 est
574 909 712 952 cuius
736 904 854 951 folia
877 903 999 951 nihil
1023 906 1086 951 ab
1112 905 1285 951 Indico
1307 904 1464 950 nardo
1487 904 1694 950 distant.

209 982 262 1019 48
357 973 598 1019 XXVIII.
636 973 839 1018 Amomi
877 989 973 1018 uva
1004 974 1056 1017 in
1088 988 1180 1018 usu
1219 978 1297 1018 est
1335 971 1433 1017 ex2
1467 970 1642 1017 Indica
1672 972 1774 1016 vite

292 1038 537 1095 labrusca,
564 1038 686 1085 aut3
712 1046 768 1084 ut
801 1038 882 1084 alii
909 1041 1278 1094 existimavere,
1303 1036 1484 1084 frutice
1509 1044 1736 1084 tortuoso
1756 1037 1776 1065 4

293 1106 446 1169 palmi
483 1105 767 1163 altitudine,
803 1108 1124 1168 carpiturque
1167 1122 1281 1151 cum
1323 1104 1512 1160 radice,
1548 1107 1776 1167 manipu-

293 1173 437 1218 latim
465 1172 648 1219 leniter
676 1176 992 1235 conponitur,
1015 1174 1244 1235 protinus
1279 1170 1473 1234 fragile.
1541 1170 1777 1217 laudatur

295 1256 447 1302 quam
480 1242 699 1286 maxime
727 1238 900 1284 Punici
925 1239 1042 1284 mali
1075 1238 1204 1285 foliis
1238 1238 1399 1284 simile
1435 1254 1528 1284 nec
1563 1240 1774 1300 rugosis,

293 1306 458 1352 colore
502 1305 628 1352 rufo.
711 1305 932 1352 secunda
978 1306 1175 1351 bonitas
1222 1304 1426 1368 pallido,
1472 1303 1776 1350 herbaceum

293 1376 455 1437 peius,
490 1389 882 1437 pessumumque
922 1372 1211 1427 candidum,
1248 1371 1383 1434 quod
1424 1378 1477 1417 et
1518 1377 1775 1417 vetustate

211 1448 264 1486 49
298 1443 482 1486 evenit.
549 1442 770 1503 pretium
812 1456 938 1485 uvae
987 1442 1038 1484 in
1079 1438 1229 1484 libras
1271 1439 1311 1485 Χ
1355 1453 1432 1494 Lx,
1468 1436 1618 1483 friato
1658 1454 1776 1484 vero

297 1523 494 1553 amomo
522 1508 561 1553 >4
589 1522 738 1552 XL11x.
767 1509 987 1552 nascitur
1021 1512 1074 1551 et
1102 1508 1154 1550 in
1178 1506 1450 1551 Armeniae
1474 1511 1621 1568 parte
1646 1520 1776 1567 quae

297 1581 503 1619 vocatur
529 1573 696 1619 Otene
723 1580 776 1619 et
801 1575 851 1618 in
880 1571 1056 1618 Media
1081 1579 1134 1618 et
1159 1575 1210 1617 in
1235 1570 1412 1618 Ponto.
1463 1570 1777 1617 adulteratur

298 1640 427 1685 foliis
462 1643 630 1703 punici
651 1639 670 1668 5
706 1647 759 1686 et
800 1642 984 1685 cummi
1022 1638 1230 1701 liquido,
1266 1646 1324 1685 ut
1358 1636 1628 1684 cohaereat
1662 1655 1777 1684 con-

297 1707 563 1769 volvatque
599 1723 652 1752 se
687 1709 739 1751 in
763 1722 889 1752 uvae
914 1706 1133 1751 modum.

360 1774 452 1819 Est
483 1781 535 1819 et
565 1789 694 1835 quae
724 1780 930 1818 vocatur
960 1775 1186 1826 amomis,
1216 1774 1379 1817 minus
1409 1787 1593 1817 venosa
1623 1777 1776 1832 atque

297 1840 464 1886 durior
491 1857 546 1886 ac
575 1843 738 1885 minus
766 1839 992 1895 odorata,
1022 1856 1119 1902 quo
1148 1846 1360 1902 apparet
1388 1845 1476 1884 aut
1505 1837 1639 1883 aliud
1669 1854 1776 1883 esse

298 1915 385 1953 aut
408 1907 572 1969 colligi
596 1910 917 1952 inmaturum.

471 2008 486 2032 ¹
516 2008 586 2046 An
607 2007 959 2058 minoribusque?
989 2006 1079 2046 coll.
1100 2005 1341 2045 Dioscorida
1361 2005 1581 2057 Detlefsen.

469 2061 484 2084 ²
513 2075 565 2099 ex
586 2060 680 2099 add.
702 2060 844 2100 Dalec.

468 2115 484 2137 ³
513 2119 589 2153 aut
609 2114 703 2153 ads-l.
724 2114 822 2153 Ian.

469 2169 483 2191 ‘¹
517 2167 712 2218 Mayhoff
727 2169 814 2206 coll.
839 2163 859 2216 ἓ
878 2168 929 2206 49
949 2182 957 2205 :
991 2171 1220 2206 montuoso
1240 2171 1311 2205 aut
1334 2169 1573 2217 myrtuoso.

471 2222 485 2243 ⁵
521 2221 714 2272 Mayhoff
727 2237 735 2260 z
769 2220 954 2259 Punicis.

338 2359 355 2376 ‘⁸
383 2351 500 2391 Both
519 2366 729 2391 amomum
749 2351 835 2390 and
862 2352 1169 2391 cardamomum
1201 2351 1313 2399 (now
1343 2350 1478 2390 called
1510 2349 1774 2398 cardamom)

287 2406 395 2444 refer
416 2412 461 2444 to
483 2406 686 2445 Elettaria
705 2405 1031 2444 cardamomum.

340 2459 355 2483 ⁶
383 2459 471 2498 The
493 2459 615 2509 plant
643 2458 780 2509 really
800 2471 912 2508 grew
932 2457 1063 2497 much
1083 2456 1252 2496 further
1277 2460 1385 2504 east,
1411 2456 1490 2496 but
1520 2455 1650 2494 much
1670 2454 1719 2495 of
1741 2454 1775 2495 it

289 2526 374 2550 was
396 2512 612 2563 imported
632 2511 821 2562 through
841 2512 1046 2551 Armenia
1067 2510 1154 2550 and
1175 2511 1354 2550 Pontus.

305 2604 363 2647 34
