1909 2998
585 180 829 226 PLINY:
894 179 1224 226 NATURAL
1268 179 1565 227 HISTORY

247 314 299 353 30
333 306 533 353 homine
581 307 898 353 subeuntem.
966 322 1110 352 coma
1155 309 1314 352 omnis
1360 309 1411 351 in
1456 309 1713 353 cacumine
1761 315 1814 354 et

244 945 291 983 31

240 2207 291 2246 33

329 415 533 461 pomum
561 404 656 453 est,
683 413 783 443 non
809 400 942 443 inter
968 395 1086 442 folia
1111 395 1204 443 hoc
1231 403 1288 443 ut
1314 399 1365 442 in
1390 399 1573 443 ceteris
1599 397 1689 443 sed
1715 400 1814 444 suis

330 491 462 534 inter
495 503 659 533 ramos
692 486 983 550 palmitibus
1019 503 1348 542 racemosum,
1384 493 1598 549 utraque
1633 494 1814 534 natura

330 594 456 623 uvae
489 584 642 640 atque
674 580 826 638 pomi.
895 575 1013 622 folia
1047 576 1265 623 cultrato
1300 592 1537 622 mucrone
1572 576 1813 624 lateribus

329 670 380 713 in
443 684 552 714 sese
614 666 769 713 bifida
837 666 1050 713 tabellas
1118 668 1336 730 primum
1405 666 1813 714 demonstravere

328 761 572 820 geminas,
594 774 724 803 nunc
747 757 810 803 ad
832 756 976 803 funes
999 755 1314 819 vitiliumque
1337 772 1496 803 nexus
1518 763 1572 803 et
1591 759 1814 820 capitum

328 847 456 893 levia
479 847 768 894 umbracula
793 847 1064 894 finduntur.

394 938 686 994 Arboribus,
709 941 861 983 immo
882 941 1049 1001 potius
1073 937 1302 983 omnibus
1327 953 1456 999 quae
1478 943 1616 983 terra
1636 939 1814 1000 gignat

327 1027 594 1091 herbisque
622 1031 777 1074 etiam
804 1035 1075 1090 utrumque
1103 1044 1212 1073 esse
1239 1043 1417 1073 sexum
1443 1026 1813 1090 diligentissimi

327 1126 537 1164 naturae
562 1118 788 1174 tradunt,
814 1117 948 1181 quod
971 1121 1023 1163 in
1044 1117 1252 1181 plenum
1276 1120 1398 1163 satis
1422 1119 1488 1163 sit
1511 1116 1697 1164 dixisse
1720 1116 1813 1164 hoc

327 1212 376 1255 in
405 1208 530 1264 loco,
559 1208 705 1255 nullis
735 1216 909 1255 tamen
939 1208 1196 1254 arboribus
1226 1205 1558 1253 manifestius.
1626 1224 1734 1254 mas
1762 1211 1813 1254 in

325 1298 533 1363 palmite
563 1298 726 1355 floret,
755 1297 945 1344 femina
972 1301 1100 1344 citra
1128 1297 1301 1343 florem
1330 1300 1584 1360 germinat
1611 1304 1812 1344 tantum

325 1392 491 1452 spicae
524 1389 690 1435 modo.
759 1391 985 1451 utrisque
1021 1395 1194 1434 autem
1226 1390 1389 1451 prima
1422 1389 1646 1433 nascitur
1677 1391 1811 1451 pomi

325 1496 457 1534 caro,
479 1486 660 1543 postea
681 1478 874 1542 lignum
898 1482 1062 1533 intus;
1086 1477 1180 1524 hoc
1206 1484 1284 1524 est
1308 1494 1482 1523 semen
1508 1480 1642 1523 eius:
1668 1494 1813 1541 argu-

325 1577 554 1616 mentum
582 1569 716 1632 quod
740 1585 925 1633 parvae
953 1572 1060 1614 sine
1087 1567 1180 1614 hoc
1207 1570 1528 1631 reperiuntur
1553 1570 1604 1613 in
1631 1568 1812 1614 eodem

326 1659 550 1723 palmite.
621 1666 698 1705 est
726 1666 899 1705 autem
926 1658 1216 1721 oblongum,
1243 1674 1343 1704 non
1370 1664 1428 1704 ut
1455 1657 1593 1703 olivis
1621 1658 1812 1704 orbicu-

325 1749 501 1805 latum,
522 1757 786 1813 praeterea
812 1766 1015 1795 caesum
1039 1766 1068 1794 a
1091 1748 1238 1795 dorso
1259 1747 1521 1811 pulvinata
1544 1746 1735 1804 fissura,
1759 1755 1812 1795 et

325 1843 374 1885 in
405 1840 514 1885 alvo
543 1839 711 1885 media
738 1839 991 1902 plerisque
1024 1838 1398 1885 umbilicatum:
1447 1837 1565 1884 inde
1594 1840 1810 1902 primum

324 1934 575 1994 spargitur
628 1929 786 1976 radix.
855 1932 1037 1975 seritur
1092 1935 1263 1975 autem
1318 1936 1531 1991 pronum
1586 1935 1640 1974 et
1693 1928 1812 1974 bina

325 2023 466 2066 iuxta
498 2023 777 2083 composita
812 2022 1005 2065 semina
1039 2035 1288 2082 superque
1314 2017 1548 2075 totidem,
1575 2021 1811 2081 quoniam

324 2110 548 2156 infirmae
567 2109 586 2138 1
637 2109 843 2172 singulis
890 2108 1138 2172 plantae,2
1179 2115 1457 2171 quaternae
1504 2108 1808 2155 coalescunt.

327 2200 495 2246 multis
519 2200 844 2262 candidisque
870 2199 1061 2262 lignum
1086 2198 1179 2245 hoc
1204 2215 1233 2244 a
1257 2199 1487 2244 carnibus
1512 2197 1811 2244 discernitur

325 2293 522 2346 tunicis,
557 2289 663 2335 aliis
697 2293 891 2353 corpori
926 2287 1335 2344 adhaerentibuS,
1369 2287 1583 2350 laxeque
1618 2286 1809 2334 distans

826 2429 842 2454 ¹
870 2428 1037 2467 infirma
1060 2441 1083 2466 e
1108 2428 1313 2479 Mayhoff.

831 2482 847 2506 ²
873 2482 956 2521 Ian
976 2497 985 2522 :
1014 2481 1165 2533 planta
1185 2486 1265 2521 est.

332 2570 416 2615 116
