1909 2998
260 608 312 646 57

261 1375 312 1412 58

260 1988 313 2026 59

598 171 843 217 PLINY:
907 171 1237 218 NATURAL
1281 171 1578 219 HISTORY

346 298 490 343 arbor
550 315 687 344 moro
748 297 918 343 similis
979 297 1115 354 folio,
1175 298 1542 361 magnitudine,
1602 306 1826 363 aspectu,

343 390 548 437 pomum
578 373 677 419 fert
708 391 806 420 non
836 377 984 419 ramis
1015 374 1105 420 sed
1134 374 1342 420 caudice
1372 378 1496 438 ipso,
1525 375 1676 438 idque
1707 376 1826 423 ficus

345 457 422 496 est
475 450 754 514 praedulcis
810 454 916 497 sine
971 454 1138 514 granis
1193 452 1529 507 interioribus,
1582 469 1826 515 perquam

345 525 560 573 fecundo
576 534 841 590 proventu,
860 527 1131 590 scalpendo
1149 534 1350 573 tantum
1368 526 1542 574 ferreis
1560 528 1827 592 unguibus,

345 603 490 649 aliter
535 620 634 648 non
680 606 1001 657 maturescit;
1065 603 1155 650 sed
1199 620 1313 649 cum
1358 602 1451 650 hoc
1495 603 1686 650 factum
1732 612 1827 662 est,

345 687 523 741 quarto
559 679 640 725 die
676 679 952 726 demetitur
988 680 1084 725 alio
1120 680 1474 736 subnascente,
1509 688 1721 744 septeno
1755 684 1827 728 ita

345 772 610 802 numerosa
640 763 791 819 partu
822 773 913 819 per
945 756 1164 819 singulas
1199 763 1439 813 aestates,
1471 759 1597 804 item
1616 757 1635 787 1
1667 757 1826 805 multo

345 831 474 877 lacte
495 832 803 879 abundante.
860 833 1193 889 subnascitur,
1218 835 1416 879 etiamsi
1435 850 1535 880 non
1557 833 1826 898 scalpatur,

345 907 478 954 fetus
499 916 679 970 quater
699 916 896 955 aestate
916 912 1236 972 prioremque
1258 909 1467 973 expellit
1485 911 1824 957 immaturum.

344 988 579 1031 materies
632 988 818 1048 proprii
872 988 1071 1048 generis
1125 988 1258 1032 inter
1313 985 1614 1033 utilissimas.
1681 1003 1828 1033 caesa

345 1064 517 1107 statim
561 1065 750 1124 stagnis
797 1065 1042 1125 mergitur
1088 1061 1201 1125 [hoc
1244 1070 1320 1108 est
1364 1065 1469 1108 eius
1508 1062 1737 1129 siccari]²
1774 1070 1828 1110 et

344 1140 504 1200 primo
542 1138 677 1193 sidit,
712 1146 891 1201 postea
931 1137 1128 1184 fluitare
1179 1141 1372 1201 incipit,
1421 1146 1663 1202 certoque
1714 1156 1826 1186 eam

345 1217 480 1277 sugit
523 1214 712 1260 alienus
757 1232 899 1260 umor
943 1218 1026 1277 qui
1070 1215 1219 1260 aliam
1262 1232 1463 1261 omnem
1498 1218 1646 1278 rigat.
1714 1233 1827 1262 cum

345 1293 572 1336 innatare
597 1294 840 1354 coeperit,
863 1294 1200 1354 tempestivae
1224 1290 1381 1338 habet
1405 1295 1618 1354 signum.

411 1367 518 1413 XV.
548 1368 678 1414 Huic
697 1368 868 1414 similis
885 1368 1253 1431 quadamtenus
1271 1385 1399 1431 quae
1423 1376 1626 1415 vocatur
1645 1369 1829 1433 Cypria

346 1444 463 1490 ficus
487 1447 537 1490 in
561 1444 739 1499 Creta3
781 1462 897 1490 nam
921 1453 974 1491 et
996 1445 1079 1490 illa
1095 1444 1115 1474 3
1135 1445 1341 1491 caudice
1370 1448 1480 1509 ipso
1502 1444 1602 1492 fert
1622 1463 1828 1510 pomum

345 1528 398 1567 et
427 1524 575 1568 ramis
604 1539 717 1568 cum
746 1525 797 1567 in
825 1521 1208 1568 crassitudinem
1237 1521 1517 1569 adolevere.
1586 1522 1676 1569 sed
1703 1521 1829 1570 haec

344 1614 551 1661 germen
578 1601 768 1644 emittit
792 1601 897 1645 sine
924 1598 1033 1644 ullis
1059 1597 1187 1644 foliis
1212 1598 1367 1645 radici
1390 1598 1565 1646 simile.
1633 1599 1827 1646 caudex

346 1675 531 1720 arboris
560 1675 730 1721 similis
756 1675 960 1739 populo,
988 1674 1160 1721 folium
1190 1675 1339 1721 ulmo.
1409 1674 1599 1722 fructus
1628 1683 1828 1739 quater-

345 1768 433 1797 nos
478 1750 661 1807 fundit,
706 1755 893 1798 totiens
938 1759 991 1798 et
1034 1755 1304 1815 germinat,
1347 1752 1437 1798 sed
1479 1769 1678 1815 grossus
1723 1755 1828 1799 eius

345 1845 445 1874 non
476 1832 771 1875 maturescit
804 1832 896 1875 nisi
930 1831 1144 1875 incisura
1179 1831 1358 1875 emisso
1391 1828 1540 1876 lacte.
1609 1832 1828 1876 suavitas

346 1911 400 1951 et
424 1908 663 1952 interiora
689 1906 785 1962 fici,
811 1905 1110 1969 magnitudo
1135 1906 1283 1951 sorbi.

413 1981 549 2028 XVI.
586 1981 767 2028 Similis
813 1989 866 2028 et
910 1998 1062 2045 quam
1108 1982 1255 2028 Iones
1298 1982 1588 2028 ceroniam4
1631 1991 1829 2038 vocant,

346 2064 522 2105 trunco
582 2066 635 2106 et
694 2061 804 2123 ipsa
862 2057 1316 2122 fertilis—pomum
1336 2057 1356 2087 ⁵
1412 2058 1720 2122 siliqua-ob
1777 2059 1827 2106 id

716 2264 730 2287 ¹
758 2263 896 2301 item?
929 2262 1149 2313 Mayhoff:
1180 2262 1242 2301 ita
1261 2263 1358 2313 (om.
1380 2261 1481 2312 v.l.).

713 2318 727 2339 ²
755 2317 860 2355 Secl.
880 2316 1091 2355 Rackkam
1111 2318 1195 2366 (est
1213 2317 1273 2354 eis
1293 2316 1467 2364 Dalec.).

713 2371 728 2393 ³
767 2369 844 2408 V.l.
865 2370 970 2420 ipsa.

712 2424 727 2446 ⁴¹
757 2423 860 2461 Edd.
885 2436 903 2461 e
925 2422 1126 2472 Theophr.
1147 2436 1157 2461 z
1189 2423 1400 2463 ceraunia.

716 2476 731 2501 ⁵
769 2476 845 2516 VJ.
866 2476 940 2515 sed
961 2488 1153 2527 pomum.

349 2577 432 2624 132
