1909 2998
202 1259 253 1299 57

202 2062 254 2099 58

541 212 784 258 PLINY:
850 211 1177 257 NATURAL
1222 211 1517 258 HISTORY

286 339 553 385 dumtaxat
583 345 635 384 et
663 337 858 384 herbidi
886 336 1079 392 coloris,
1106 336 1402 400 prodidere3
1449 337 1530 383 alii
1557 337 1766 385 lentisco

286 453 498 499 similem
535 451 778 498 subrutilo
816 426 962 505 folio,
1018 450 1221 513 quidam
1258 450 1603 497 terebinthum
1641 469 1766 509 esse,

287 574 340 613 et
364 566 456 613 hoc
482 569 640 612 visum
666 566 924 628 Antigono
950 567 1057 628 regi
1084 564 1236 611 allato
1262 564 1459 611 frutice.
1529 565 1655 612 Iuba
1677 583 1767 613 rex

285 684 342 727 iis
365 680 695 726 voluminibus
719 696 848 742 quae
871 682 1071 743 scripsit
1095 678 1157 724 ad
1181 678 1235 725 C.
1260 679 1528 726 Caesarem
1550 680 1768 743 Augusti

287 795 440 840 filium
478 794 743 841 ardentem
781 792 916 839 fama
953 793 1172 839 Arabiae
1210 793 1368 839 tradit
1404 796 1622 840 contorti
1659 811 1767 842 esse

284 909 518 965 caudicis,
534 911 683 954 ramis
700 910 857 954 aceris
873 910 1092 954 maxime
1111 905 1325 963 Pontici,
1341 924 1512 954 sucum
1530 908 1768 972 amygda-

285 1023 361 1070 lae
385 1023 534 1069 modo
557 1025 812 1077 emittere,
835 1022 1064 1085 talesque
1088 1024 1138 1067 in
1162 1021 1427 1068 Carmania
1450 1039 1691 1086 apparere
1715 1031 1768 1070 et

285 1141 336 1184 in
364 1138 604 1202 Aegypto
632 1144 767 1183 satas
797 1136 964 1183 studio
995 1135 1400 1183 Ptolomaeorum
1429 1140 1765 1200 regnantium.

284 1255 469 1299 cortice
507 1251 632 1297 lauri
669 1268 778 1297 esse
816 1258 1032 1306 constat,
1067 1250 1271 1313 quidam
1309 1258 1362 1296 et
1399 1250 1572 1297 folium
1608 1252 1767 1299 simile

285 1367 486 1420 dixere3
528 1366 641 1412 talis
665 1373 804 1413 certe
829 1364 925 1412 fuit
950 1365 1095 1411 arbor
1118 1364 1372 1420 Sardibus,
1397 1382 1514 1411 nam
1539 1372 1592 1412 et
1616 1366 1767 1413 Asiae

285 1498 429 1544 reges
475 1480 674 1526 serendi
718 1497 888 1526 curam
933 1478 1235 1526 habuerunt.
1305 1482 1389 1542 qui
1435 1496 1550 1526 mea
1595 1487 1768 1527 aetate

284 1595 440 1658 legati
465 1612 527 1641 ex
553 1595 740 1641 Arabia
765 1601 1013 1640 venerunt
1038 1596 1205 1640 omnia
1229 1596 1497 1640 incertiora
1521 1592 1768 1651 fecerunt,

286 1709 419 1772 quod
453 1712 558 1755 iure
593 1712 847 1764 miremur,
882 1711 1031 1772 virgis
1068 1711 1223 1754 etiam
1258 1711 1382 1754 turis
1418 1707 1482 1754 ad
1515 1724 1603 1754 nos
1637 1725 1768 1755 com-

286 1825 587 1879 meantibus,
644 1824 823 1886 quibus
878 1823 1014 1869 credi
1069 1829 1241 1886 potest
1296 1829 1511 1868 matrem
1567 1839 1766 1885 quoque

284 1946 503 1985 teretem
527 1937 676 1984 enodi
698 1936 935 1983 fruticare
960 1944 1152 1983 trunco.

346 2053 561 2099 XXXII.
604 2051 734 2098 Meti
755 2051 911 2097 semel
936 2068 1065 2097 anno
1085 2051 1280 2098 solebat
1299 2054 1489 2098 minore
1509 2055 1766 2099 occasione

285 2166 563 2220 vendendi3
604 2169 703 2211 iam
737 2172 975 2229 quaestus
1009 2165 1221 2212 alteram
1245 2165 1548 2212 vindemiam
1583 2165 1764 2213 adfert.

284 2284 417 2345 prior
450 2288 602 2343 atque
636 2279 875 2325 naturalis
900 2279 1153 2326 vindemia
1176 2282 1307 2326 circa
1331 2282 1466 2325 canis
1492 2287 1657 2326 ortum
1681 2280 1767 2327 fla·

286 2397 602 2458 grantissimo
627 2401 788 2449 aestu,
813 2393 1148 2439 incidentibus
1174 2410 1272 2456 qua
1295 2396 1513 2440 maxime
1538 2394 1767 2441 videatur

288 2526 395 2555 esse
414 2525 695 2573 praegnans
722 2510 1144 2570 tenuissimusque
1165 2507 1307 2554 tendi
1331 2514 1534 2563 cortex3
1569 2508 1767 2555 laxatur

285 2620 344 2661 40
