1925 2998
230 319 309 357 226

582 185 827 234 PLINY:
891 187 1221 233 NATURAL
1267 186 1565 234 HISTORY

399 313 683 359 LXXXIII.
725 313 916 376 Magna
940 321 1112 360 autem
1138 321 1190 360 et
1221 314 1489 377 glutinatio
1520 321 1725 376 propter
1756 331 1814 360 ea

334 416 462 461 quae
493 400 745 445 sectilibus
776 400 968 446 laminis
999 401 1119 446 aut1
1151 401 1245 446 alio
1281 417 1467 463 genere
1505 404 1813 462 operiuntur.

334 489 632 532 stamineam
674 489 724 531 in
767 486 859 532 hoc
902 504 994 533 usu
1037 488 1251 548 probant
1293 503 1472 533 venam
1516 487 1590 550 (et
1633 493 1816 533 vocant

332 572 634 619 ferulaceam
673 581 972 636 argumento
1010 574 1365 636 similitudinis)
1407 577 1643 635 quoniam
1682 574 1815 620 lacu-

332 676 453 705 nosa
490 667 543 706 et
578 663 739 722 crispa
775 663 825 705 in
863 663 996 706 omni
1034 677 1221 722 genere
1259 660 1510 723 glutinum
1549 660 1815 715 abdicant;

333 746 582 808 quaedam
609 754 660 793 et
686 751 817 793 inter
842 764 894 793 se
922 755 974 793 et
999 764 1112 793 cum
1139 747 1244 793 aliis
1270 746 1578 793 insociabilia
1602 747 1815 810 glutino,

332 837 460 879 sicut
511 834 676 890 robur,
720 851 812 880 nec
854 832 960 880 fere
1003 833 1276 880 cohaerent
1319 833 1576 880 dissimilia
1618 841 1815 890 natura,

331 927 388 966 ut
424 923 465 966 si
510 923 619 982 quis
665 920 884 983 lapidem
928 920 1220 983 lignumque
1258 923 1544 983 coniungat.
1611 936 1815 967 cornum

331 1010 549 1053 maxime
590 1007 697 1053 odit
736 1008 926 1063 sorbus,
967 1011 1214 1069 carpinus,
1254 1008 1435 1064 buxus,
1473 1014 1653 1069 postea
1690 1007 1812 1055 tilia.

228 1099 306 1139 227
332 1097 625 1156 cuicumque
652 1098 791 1157 operi
815 1094 1034 1141 flexilia2
1060 1098 1226 1140 omnia
1257 1112 1385 1157 quae
1415 1092 1554 1141 lenta
1583 1094 1814 1150 diximus,

228 1707 306 1747 228

330 1188 631 1244 praeterque
668 1199 834 1228 morus
871 1189 924 1228 et
959 1182 1234 1243 caprificuS,
1270 1181 1498 1228 forabilia
1533 1198 1590 1228 ac
1625 1181 1817 1228 sectilia

333 1284 462 1330 quae
482 1269 677 1315 modice
697 1269 895 1324 umida3
933 1269 1071 1315 arida
1097 1272 1231 1315 enim
1248 1269 1398 1315 latius
1419 1285 1570 1331 quam
1587 1269 1814 1315 terebras

332 1363 420 1401 aut
445 1372 603 1401 serras
622 1355 641 1384 ³
673 1355 879 1411 cedunt,
912 1356 1088 1401 viridia
1119 1362 1323 1417 praeter
1354 1356 1505 1401 robur
1538 1362 1590 1402 et
1622 1355 1814 1401 buxum

331 1446 634 1504 pertinacius
685 1446 926 1489 resistunt
978 1459 1328 1504 serrarumque
1382 1442 1562 1488 dentes
1614 1442 1813 1503 replent

332 1528 640 1591 aequalitate
673 1532 839 1584 inerti,
865 1545 964 1591 qua
996 1529 1060 1575 de
1092 1545 1243 1575 causa
1272 1528 1466 1575 alterna
1489 1528 1811 1574 inclinatione

332 1623 546 1678 egerunt
571 1617 788 1662 scobem.

387 1701 664 1749 LXXXIV.
705 1702 1163 1749 Oboedientissima
1207 1718 1522 1765 quocumque
1565 1704 1617 1748 in
1658 1718 1811 1764 opere

330 1788 569 1845 fraxinus,
589 1789 868 1851 eademque
894 1789 1049 1835 hastis
1073 1789 1240 1852 corylo
1259 1789 1450 1844 melior,
1469 1805 1623 1835 cornu
1640 1788 1810 1844 levior,

330 1876 474 1921 sorbo
490 1875 698 1930 lentior;
724 1875 914 1921 Gallica
932 1893 1049 1922 vero
1069 1879 1224 1922 etiam
1247 1875 1311 1921 ad
1330 1892 1499 1921 currus
1519 1874 1672 1921 flexili
1691 1875 1811 1921 levi-

227 1968 306 2008 229
328 1962 478 2008 tate.⁴²
544 1963 881 2009 aemularetur
915 1962 1075 2009 ulmus
1105 1965 1154 2008 ni
1181 1963 1376 2024 pondus
1406 1969 1539 2008 esset
1567 1965 1618 2008 in
1644 1962 1805 2024 culpa.

330 2048 485 2095 facilis
505 2056 557 2094 et
581 2048 743 2112 fagus,
768 2065 1073 2111 quamquam
1098 2048 1284 2112 fragilis
1310 2056 1363 2095 et
1386 2056 1592 2104 tenera;
1629 2049 1809 2095 eadem

330 2135 583 2181 sectilibus
604 2136 797 2181 laminis
818 2138 869 2180 in
889 2139 1030 2181 tenui
1052 2134 1228 2181 flexilis
1248 2138 1507 2197 capsisque
1530 2151 1587 2180 ac
1607 2137 1808 2181 scrineis

330 2221 433 2267 sola
448 2221 596 2267 utilis.
645 2229 843 2268 secatur
858 2224 909 2267 in
923 2221 1113 2267 lamnas
1129 2228 1432 2283 praetenues
1450 2229 1502 2267 et
1517 2221 1633 2278 ilex,
1647 2220 1808 2267 colore

586 2349 602 2372 1
633 2348 851 2398 Mayhoff:
884 2362 933 2387 ac
953 2349 1010 2388 in,

583 2402 598 2424 ²
636 2401 946 2452 Warminqton:
979 2402 1120 2440 facilia
1141 2401 1312 2440 flexilia.

578 2455 593 2478 ³
623 2454 816 2494 terebras
835 2459 914 2494 aut
935 2467 1073 2493 serras
1104 2456 1408 2505 Warminqtcm:
1441 2459 1571 2494 teras.

584 2509 600 2531 ⁴
628 2509 862 2560 Detlefsen:
894 2510 999 2548 vita.

333 2595 421 2643 534
