1909 2998
205 333 252 371 41

203 1149 255 1186 42

205 1785 256 1823 43

544 200 788 246 PLINY:
853 198 1184 246 NATURAL
1230 198 1527 246 HISTORY

353 327 537 373 XXIV.
579 327 752 373 Vicina
786 329 844 373 iis
883 327 1071 372 Arabia
1103 326 1302 389 flagitat
1336 325 1588 388 quandam
1624 342 1778 389 gene-

290 433 397 462 rum
422 417 814 472 distinctionem,
841 420 1077 479 quoniam
1111 415 1301 462 fructus
1331 423 1566 462 constant
1591 416 1778 472 radice,

288 505 485 563 frutice,
519 511 723 563 cortice,
760 524 895 563 suco,
930 506 1151 562 lacrima,
1193 505 1345 569 ligno,
1386 505 1598 562 surcuIO,
1636 504 1776 562 flore,

290 596 424 653 folio,
445 615 611 662 pomo.

349 688 506 735 XXV.
543 688 706 735 Radix
750 697 803 736 et
844 689 1018 736 folium
1062 688 1199 735 Indis
1237 692 1289 734 in
1331 691 1552 735 maximo
1593 691 1776 753 pretio.

287 778 428 824 radix
455 782 581 826 costi
607 787 762 843 gustu
788 780 1005 836 fervenS,
1033 780 1186 826 odore
1216 782 1418 835 eximia,
1447 778 1629 826 frutice
1658 779 1778 825 alias

288 870 466 916 inutili.
533 873 695 934 primo
728 874 902 917 statim
935 874 1146 917 introitu
1179 873 1337 916 amnis
1373 869 1486 915 Indi
1518 872 1569 914 in
1603 867 1778 915 Patale

288 960 448 1006 insula
498 960 597 1007 duo
649 964 754 1008 eius
804 978 1010 1025 genera,
1062 964 1260 1024 nigrum
1312 968 1365 1006 et
1417 960 1551 1023 quod
1601 959 1778 1006 melius

287 1051 581 1097 candicans:
622 1056 841 1115 pretium
869 1056 919 1098 in
943 1053 1092 1098 libras
1121 1053 1160 1100 Χ
1187 1069 1258 1099 vs.

350 1142 535 1188 XXVI.
572 1143 651 1189 De
668 1142 786 1189 folio
802 1143 944 1189 nardi
963 1143 1107 1207 plura
1123 1143 1221 1189 dici
1235 1160 1327 1206 par
1347 1149 1425 1190 est
1446 1149 1503 1190 ut
1518 1142 1777 1207 principali

290 1235 340 1278 in
372 1236 658 1296 unguentis.
729 1233 898 1280 frutex
934 1241 1010 1280 est
1040 1237 1179 1297 gravi
1214 1241 1267 1280 et
1299 1250 1465 1280 crassa
1493 1234 1663 1280 radice
1689 1233 1778 1279 sed

284 1324 421 1369 brevi
471 1341 528 1370 ac
589 1328 732 1387 nigra
780 1323 1064 1387 fragilique,
1113 1327 1338 1387 quamvis
1385 1327 1578 1388 pingui,
1627 1327 1779 1370 situm

288 1414 567 1471 redolente,
611 1423 668 1461 ut
718 1418 930 1479 cypiros,
983 1432 1159 1479 aspero
1210 1432 1405 1479 sapore,
1455 1413 1575 1460 folio
1624 1431 1778 1478 parvo

288 1505 560 1568 densoque.
629 1509 889 1552 cacumina
934 1509 985 1552 in
1032 1510 1209 1552 aristas
1254 1523 1308 1553 se
1355 1513 1617 1569 spargunt,
1663 1505 1779 1551 ideo

288 1599 491 1657 genuina
510 1596 630 1643 dote
650 1597 793 1643 nardi
817 1601 977 1660 spicas
998 1614 1054 1643 ac
1079 1596 1198 1642 folia
1216 1596 1492 1643 celebrant.
1563 1595 1778 1642 alterum

291 1690 396 1732 eius
420 1704 580 1750 genus
607 1688 741 1751 apud
767 1687 981 1751 Gangen
1006 1704 1216 1734 nascens
1241 1687 1511 1734 damnatur
1535 1690 1586 1732 in
1610 1694 1777 1733 totum

289 1778 596 1824 ozaenitidos
634 1782 852 1834 nomine,
888 1782 1017 1825 virus
1054 1778 1300 1824 redolens.
1372 1778 1687 1824 adulteratur
1724 1786 1777 1825 et

287 1868 637 1931 pseudonardo
677 1868 834 1915 herba
876 1886 1004 1931 quae
1047 1870 1233 1932 ubique
1277 1872 1499 1915 nascitur
1539 1871 1776 1915 crassiore

289 1967 442 2022 atque
479 1959 656 2006 latiore
695 1959 812 2006 folio
851 1968 904 2006 et
941 1960 1104 2006 colore
1143 1959 1382 2023 languido
1420 1962 1472 2005 in
1508 1959 1777 2006 candidum

288 2058 548 2113 vergente,
570 2054 695 2097 item
718 2067 806 2096 sua
827 2051 995 2097 radice
1017 2053 1272 2114 permixta
1293 2050 1531 2114 ponderis
1553 2067 1704 2096 causa
1725 2058 1778 2097 et

289 2144 472 2187 cummi
496 2158 774 2205 spumaque
800 2145 997 2204 argenti
1023 2149 1110 2187 aut
1136 2142 1253 2187 stibi
1281 2158 1338 2187 ac
1363 2144 1535 2205 cypiro
1559 2144 1777 2204 cypirive

288 2235 488 2278 cortice.
557 2235 804 2278 sincerum
832 2231 1036 2294 quidem
1063 2232 1272 2278 levitate
1301 2230 1699 2295 deprehenditur
1725 2239 1778 2278 et

352 2422 368 2439 ‘²
397 2415 485 2454 The
506 2416 687 2455 modern
706 2417 942 2456 Saussurea
962 2418 1105 2467 lappa.

352 2468 366 2490 ‘¹
394 2470 483 2508 The
500 2483 625 2508 name
642 2483 743 2520 may
759 2471 894 2521 really
909 2472 959 2509 be
974 2470 1083 2509 from
1098 2469 1236 2509 Ozene
1253 2470 1323 2519 (Uj
1328 2471 1341 2519 j
1348 2471 1449 2515 ain),
1467 2482 1492 2508 a
1504 2473 1621 2509 town
1635 2483 1689 2509 on
1703 2469 1776 2509 the

300 2523 567 2562 trade-route
590 2523 781 2563 between
801 2523 875 2563 the
897 2523 1065 2574 Ganges
1087 2524 1172 2563 and
1194 2523 1267 2562 the
1290 2530 1394 2563 west
1415 2528 1535 2562 coast
1556 2523 1604 2563 of
1619 2523 1756 2563 India.

296 2613 355 2657 30
