1909 2998
231 509 283 547 98

227 1148 281 1187 99

191 1709 268 1748 100

568 213 813 261 PLINY:
876 213 1207 261 NATURAL
1250 213 1546 261 HISTORY

315 348 529 389 constat.
587 349 765 404 postea
802 358 920 404 ergo
957 341 1150 404 reliqua
1184 344 1352 388 omnia
1391 344 1445 388 in
1477 339 1793 388 nobilitatem

315 438 498 468 venere
522 428 575 468 et
596 424 792 468 circiter
815 437 904 468 Dcc
926 422 1058 467 urbis
1083 438 1284 467 annum.

379 501 572 548 XVIII.
610 501 791 564 Itaque
849 518 950 548 non
1000 504 1151 547 miror
1195 500 1577 547 innumerabilia
1632 518 1795 564 paene

314 598 502 644 genera
523 581 691 628 ficticii
712 588 914 644 reperta
935 581 1103 627 multis
1126 588 1245 627 ante
1266 581 1492 636 saeculis,
1514 598 1643 644 quae
1664 598 1794 628 nunc

313 662 553 717 dicemus,
606 665 772 708 omnia
826 661 890 707 ad
942 661 1220 707 medicinae
1274 678 1418 707 usum
1471 665 1793 723 pertinentia.

314 741 631 803 omphacium
662 758 760 804 quo
791 741 940 787 modo
972 741 1116 787 fieret
1146 748 1352 803 propter
1381 748 1642 804 unguenta
1671 741 1794 787 dixi-

314 839 422 867 mus
443 825 605 883 priore
626 821 766 868 libro.
836 822 892 867 fit
915 838 941 867 e
963 821 1210 877 labrusca,
1229 820 1322 867 hoc
1345 828 1422 867 est
1443 824 1545 867 vite
1566 820 1794 877 silvestri,

314 902 447 964 quod
483 908 689 948 vocatur
715 900 1095 956 oenanthinum,
1123 900 1252 947 floris
1292 904 1397 947 eius
1429 901 1564 947 libris
1600 901 1793 948 duabus

312 985 364 1027 in
398 985 550 1028 musti
585 982 710 1028 cado
746 985 1040 1036 maceratis;
1091 988 1204 1043 post
1240 980 1345 1027 dies
1389 995 1482 1026 xxx
1516 988 1791 1029 mutantur.

312 1070 515 1124 praeter
543 1061 636 1108 hoc
665 1061 809 1107 radix
833 1061 1092 1107 labruscae
1124 1067 1178 1107 et
1208 1064 1335 1107 acini
1359 1064 1491 1108 coria
1512 1061 1791 1123 perficiunt.

313 1141 362 1188 hi
397 1141 546 1204 paulo
581 1149 694 1204 post
730 1158 883 1204 quam
918 1141 1196 1188 defloruere
1230 1140 1483 1204 singulare
1515 1142 1792 1188 remedium

310 1221 501 1268 habent
527 1221 591 1268 ad
613 1221 985 1285 refrigerandos
1009 1224 1061 1267 in
1083 1221 1267 1268 morbis
1291 1238 1552 1283 corporum
1576 1222 1793 1278 ardores,

310 1301 631 1365 gelidissima,
675 1309 732 1348 ut
777 1301 964 1357 ferunt,
1008 1308 1205 1348 natura.
1272 1318 1387 1364 pars
1433 1318 1604 1348 eorum
1649 1309 1793 1348 aestu

309 1386 519 1428 moritur
542 1386 676 1444 prius
701 1399 854 1445 quam
878 1382 1087 1445 reliqua,
1113 1385 1197 1444 qui
1221 1381 1508 1428 solstitiales
1531 1381 1793 1437 dicuntur3

309 1466 524 1509 universi
543 1479 818 1525 numquam
837 1469 1200 1518 maturescunt,
1221 1469 1273 1508 et
1292 1465 1333 1508 si
1351 1465 1486 1524 prius
1507 1478 1657 1525 quam
1681 1469 1792 1508 tota

310 1550 586 1589 marcescat
617 1559 713 1589 uva
744 1546 941 1589 incocta
972 1542 1122 1589 detur
1151 1542 1262 1588 cibo
1293 1541 1569 1605 gallinaceo
1601 1546 1791 1606 generi,

308 1622 565 1669 fastidium
587 1626 751 1686 gignit
773 1639 893 1669 uvas
917 1621 1207 1685 adpetendi.

354 1703 493 1750 XIX.
533 1703 848 1750 Ficticiorum
865 1707 1081 1766 primum
1102 1701 1258 1766 (quod
1278 1709 1458 1749 vocant
1483 1702 1790 1767 adynamon)

313 1784 369 1829 fit
409 1799 471 1829 ex
514 1787 621 1845 ipso
658 1783 805 1830 vino1
844 1782 937 1830 hoc
969 1783 1147 1830 modo:
1182 1783 1282 1828 albi
1314 1786 1468 1829 musti
1501 1787 1706 1830 sextarii
1728 1798 1790 1829 xx

308 1880 471 1926 aquae
516 1863 777 1910 dimidium
823 1863 1020 1910 fervent
1066 1863 1226 1910 donec
1273 1870 1583 1926 excoquatur
1628 1880 1789 1926 aquae

307 1960 556 1990 mensura.
641 1944 723 1989 alii
786 1948 1009 1990 marinae
1071 1946 1313 1990 sextarios
1376 1958 1424 1999 x,
1486 1943 1788 1990 tantundem

307 2023 506 2086 pluviae
524 2027 576 2069 in
594 2024 696 2070 sole
716 2039 775 2069 XL
796 2024 972 2070 diebus
995 2030 1205 2070 torrent.
1276 2023 1400 2070 dant
1425 2026 1586 2087 aegris
1610 2024 1787 2087 quibus

308 2107 407 2150 vini
431 2108 631 2150 noxiam
654 2108 854 2151 timent.

426 2241 440 2264 ¹
470 2241 520 2280 fit
551 2271 560 2280 .
593 2272 602 2280 .
635 2272 644 2281 .
674 2242 779 2280 vino
801 2241 866 2280 hic
893 2241 1205 2292 Warminqton:
1236 2245 1333 2281 ante
1354 2240 1471 2293 quod
1491 2244 1663 2281 vocant.

362 2422 380 2440 ⁰
408 2415 455 2454 If
482 2415 557 2455 the
590 2421 688 2455 text
723 2417 757 2454 is
792 2415 922 2466 right,
959 2415 1085 2466 Pliny
1125 2420 1243 2455 must
1283 2429 1409 2455 mean
1447 2415 1548 2455 that
1584 2415 1783 2466 vintages

308 2469 444 2562 ogit-arr
461 2469 569 2563 3331]
600 2469 739 2509 Chian
767 2470 856 2509 and
885 2469 1117 2509 Falernian
1149 2469 1324 2509 became
1360 2469 1530 2508 famous
1565 2468 1681 2509 after
1709 2468 1783 2509 the

308 2620 394 2667 ²52
