1909 2998
521 191 766 237 PLINY:
831 190 1162 237 NATURAL
1206 189 1504 237 HISTORY

269 325 374 373 est3
437 321 761 364 narcissinum
810 334 1009 380 quoque
1063 334 1126 364 ex
1174 316 1294 364 flore
1341 320 1557 364 narcisso
1602 316 1752 364 desiit

272 388 499 448 conponi.

218 458 241 495 7
331 452 479 497 Ratio
517 450 735 497 faciendi
770 450 974 514 duplex,
1011 467 1155 496 sucus
1192 456 1246 496 et
1279 464 1485 513 corpus3
1537 449 1620 496 ille
1656 450 1752 496 olei

267 520 535 580 generibus
559 517 665 563 fere
690 525 907 572 constat,
931 516 1025 563 hoc
1049 517 1285 563 odorum:
1327 516 1453 563 haec
1477 524 1753 580 stymmata

269 592 465 639 vocant,
494 584 578 629 illa
606 583 922 647 hedysmata.
990 586 1171 630 tertius
1200 586 1333 629 inter
1359 582 1486 630 haec
1515 591 1593 630 est
1619 583 1752 630 colos

268 651 437 697 multis
470 651 759 713 neglectus3
809 650 953 696 huius
977 667 1128 696 causa
1152 650 1405 696 addantur
1424 650 1443 679 1
1473 651 1752 697 cinnabaris

270 726 323 764 et
342 717 575 763 anchusa.
644 717 716 763 sal
734 717 998 781 adspersus
1017 717 1114 763 olei
1132 724 1365 764 naturam
1381 724 1610 772 eoercet3
1646 720 1752 780 qui-

268 786 360 831 bus
388 784 607 830 anchusa
633 784 833 830 adiecta
859 792 937 830 est
964 784 1036 830 sal
1062 801 1163 830 non
1189 784 1406 830 additur.
1473 786 1639 831 resina
1664 792 1752 830 aut

268 854 477 898 cummis
541 851 825 897 adiciuntur
886 851 951 897 ad
1012 851 1373 897 continendum
1435 850 1640 897 odorem
1701 854 1753 897 in

267 934 501 982 corpore:
549 917 809 964 celerrime
839 921 880 964 is
911 921 1165 964 evanescit
1194 925 1348 981 atque
1378 917 1556 964 defluit
1584 921 1625 964 si
1653 934 1753 964 non

269 993 386 1032 sunt
409 984 533 1030 haec
558 984 746 1031 addita.

220 1060 243 1097 8
334 1052 723 1114 Unguentorum
751 1051 1185 1114 expeditissimum
1211 1050 1308 1098 fuit
1332 1053 1669 1115 primumque,
1695 1058 1753 1098 ut

269 1118 534 1165 verisimile
575 1125 671 1174 est,
710 1135 738 1164 e
775 1118 901 1181 bryo
941 1125 994 1164 et
1031 1118 1266 1164 balanino
1304 1118 1432 1173 ole0,
1470 1118 1534 1164 de
1574 1119 1752 1180 quibus

269 1202 418 1249 supra
443 1185 675 1231 diximus.
735 1187 945 1231 increvit
969 1184 1154 1231 deinde
1183 1184 1505 1231 Mendesium
1531 1201 1558 1231 e
1575 1185 1595 1214 2
1618 1185 1753 1231 bala-

268 1255 403 1307 nino,
427 1255 609 1308 resina,
628 1268 812 1307 murra,
831 1254 1092 1314 magisque
1113 1254 1391 1298 etiamnum
1409 1254 1688 1315 met-opium
1705 1266 1717 1307 3
1734 1251 1754 1281 ³

269 1319 435 1365 oleum
491 1318 585 1365 hoc
643 1326 721 1365 est
779 1319 1058 1382 amygdalis
1116 1322 1296 1364 amaris
1354 1335 1644 1382 expressum
1702 1321 1753 1364 in

269 1387 526 1449 Aegypto,
571 1388 650 1432 cui
695 1385 937 1432 addidere
982 1384 1317 1449 omphacium,
1361 1385 1753 1442 cardamomum,

267 1456 487 1508 iuncum,
552 1452 817 1508 calamum,
869 1451 987 1509 mel,
1040 1455 1227 1508 vinum,
1280 1469 1516 1508 murram,
1580 1469 1753 1500 semen

219 1527 242 1564 9
266 1520 494 1574 balsami,
523 1519 812 1582 galbanum,
840 1522 1059 1566 resinam
1086 1518 1498 1566 terebinthinam.
1567 1536 1595 1566 e
1623 1520 1754 1566 vilis-

268 1589 404 1633 simis
436 1585 957 1648 quidem-—hodieque
989 1593 1068 1633 est
1099 1587 1163 1633 ob
1195 1586 1247 1633 id
1277 1586 1526 1633 creditum
1558 1593 1612 1632 et
1642 1586 1694 1633 id
1724 1602 1752 1633 e

269 1656 619 1699 vetustissimis
640 1653 950 1716 esse—quod
966 1660 1165 1700 constat
1184 1653 1294 1699 oleo
1310 1661 1527 1716 myrteo,
1543 1653 1753 1709 calamo,

269 1736 520 1783 cupresso,
553 1737 722 1784 cypro,
753 1719 982 1776 lentisco,
1014 1720 1132 1766 mali
1164 1723 1363 1783 granati
1394 1723 1596 1767 cortice.
1663 1720 1754 1766 sed

269 1787 528 1850 divulgata
553 1789 771 1833 maxime
792 1794 1054 1850 unguenta
1071 1787 1371 1833 crediderim
1391 1803 1418 1833 e
1435 1786 1455 1815 4
1479 1803 1606 1842 rosa,
1623 1803 1752 1849 quae

268 1853 482 1917 plurima
516 1854 702 1916 ubique
737 1856 987 1916 gignitur3
1039 1857 1213 1916 itaque
1248 1853 1610 1917 simplicissima
1641 1853 1753 1899 rho-

270 1920 374 1966 dini
406 1923 627 1966 mixtura
660 1920 746 1966 diu
780 1920 875 1966 fuit
910 1920 1094 1966 additis
1128 1920 1407 1984 omphacio,
1439 1920 1559 1966 flore
1593 1937 1753 1976 rosae,

270 1989 484 2042 crocino,
526 1988 800 2043 cinnabari,
834 1987 1044 2043 calamo,
1077 1987 1243 2043 melle,
1279 1991 1443 2044 iunco,
1476 1987 1590 2034 salis
1631 1986 1751 2034 flore

733 2134 748 2158 1
777 2134 1017 2173 Raclckam:
1049 2134 1284 2175 adduntur.

735 2188 749 2210 ²
778 2201 800 2225 e
820 2189 917 2227 add.
939 2187 1170 2226 Racklzam.

732 2242 748 2264 ³
775 2242 915 2280 Dalec.
937 2256 945 2280 :
979 2242 1181 2292 metopio.

735 2295 751 2318 4
780 2308 803 2333 e
821 2295 918 2334 add.
940 2294 1170 2333 Rackham.

548 2480 564 2495 ‘¹
592 2472 682 2512 The
700 2473 822 2523 plant
843 2477 853 2493 ⁴
868 2471 1247 2523 dragon's-blood.’

554 2526 568 2548 'f
595 2526 662 2565 Oi]
682 2539 729 2564 or
745 2526 857 2575 juice
877 2525 926 2564 of
940 2526 1090 2576 unripe
1110 2525 1242 2565 olives
1261 2539 1308 2564 or
1326 2538 1493 2577 grapes,

275 2616 358 2646 102
