1909 2998
244 867 295 904 89

244 1138 295 1176 90

245 1858 291 1895 91

246 2126 298 2167 92

579 192 823 238 PLINY:
887 191 1219 239 NATURAL
1264 191 1562 239 HISTORY

327 319 390 364 ab
443 317 591 363 Troia
646 320 885 381 scriptam
940 320 991 363 in
1047 317 1265 380 quodam
1319 317 1511 381 templo
1566 317 1810 381 epistulae

325 407 569 463 chartam,
598 407 731 470 quod
760 424 820 454 eo
848 410 1009 470 magis
1037 410 1188 453 miror
1215 410 1256 453 si
1285 410 1562 454 etiamnum
1591 408 1811 455 Homero

325 498 576 544 condente
598 498 866 561 Aegyptus
888 514 988 543 non
1010 505 1146 544 erat:
1187 505 1275 543 aut
1295 514 1399 554 cur,
1421 501 1461 544 si
1481 501 1582 544 iam
1601 497 1681 544 hic
1703 506 1811 545 erat

326 605 459 643 usus,
481 591 531 633 in
552 587 801 651 plumbeis
823 587 1094 650 linteisque
1116 586 1449 633 voluminibus
1471 591 1812 652 scriptitatum

325 686 541 733 constet,
578 695 726 724 curve
766 678 1015 724 Homerus
1053 681 1103 723 in
1140 681 1248 741 ipsa
1284 677 1368 724 illa
1406 677 1561 742 Lycia
1596 677 1812 725 Bellero-

324 768 502 832 phonti
545 768 793 814 codicillos
837 768 1000 824 datos,
1042 785 1142 814 non
1186 768 1470 832 epistulas,l
1513 769 1811 815 tradiderit?

327 859 648 905 sterilitatem
665 862 822 905 sentit
839 858 931 905 hoc
950 875 1168 922 quoque,
1186 858 1479 921 factumque
1496 861 1597 904 iam
1613 859 1812 905 Tiberio

324 952 549 1014 principe
581 952 749 1013 inopia
775 948 980 996 chartae
1014 956 1071 995 ut
1103 966 1130 995 e
1163 956 1345 995 senatu
1371 948 1612 996 darentur
1636 949 1808 996 arbitri

326 1039 721 1103 dispensandae:
766 1039 886 1085 alias
912 1043 962 1085 in
988 1038 1211 1086 tumultu
1235 1042 1339 1085 vita
1363 1047 1487 1086 erat.

390 1129 631 1176 XXVIII.
669 1129 942 1193 Aethiopia
975 1130 1214 1194 Aegypto
1245 1132 1559 1176 contermina
1594 1133 1812 1193 insignes

327 1221 527 1266 arbores
577 1237 676 1266 non
719 1219 825 1266 fere
874 1218 1031 1266 habet
1079 1227 1284 1284 praeter
1332 1219 1612 1276 laniferam,
1655 1219 1812 1283 qualis

329 1310 566 1356 Indorum
607 1317 761 1373 atque
802 1311 1020 1356 Arabiae
1062 1310 1200 1356 dicta
1240 1317 1332 1356 est.
1400 1313 1602 1374 propior
1640 1316 1813 1356 tamen

328 1399 440 1446 huic
473 1408 653 1446 natura
685 1400 830 1446 lanae
862 1403 1121 1463 maiorque
1155 1399 1399 1446 folliculus
1432 1403 1630 1463 granati
1663 1399 1813 1446 modo

327 1490 461 1546 mali,
494 1490 779 1554 similesque
815 1497 869 1536 et
901 1493 1035 1536 inter
1067 1507 1121 1536 se
1155 1490 1356 1536 arbores
1389 1493 1543 1553 ipsae.
1612 1497 1814 1551 praeter

327 1579 454 1626 hanc
493 1580 693 1644 palmae
735 1580 908 1643 quales
950 1579 1227 1626 retulimus.
1296 1579 1568 1626 insularum
1611 1580 1812 1625 arbores

328 1671 521 1717 ambitu
553 1669 856 1733 Aethiopiae
893 1677 946 1716 et
983 1685 1189 1739 nemora
1221 1669 1430 1716 odorata
1467 1672 1518 1714 in
1553 1672 1812 1715 mentione

328 1776 500 1807 earum
524 1760 661 1807 dicta
684 1767 816 1806 sunt.

393 1849 579 1896 XXIX.
618 1850 797 1896 Atlans
817 1866 957 1896 mons
976 1849 1215 1913 peculiari
1230 1849 1459 1914 proditur
1475 1849 1613 1905 silva,
1629 1848 1694 1895 de
1715 1866 1814 1912 qua

327 1940 558 1987 diximus.
626 1940 846 1987 confines
886 1943 932 1986 ei
975 1939 1159 1996 Mauri,
1199 1940 1378 2003 quibus
1416 1939 1631 2004 plurima
1670 1939 1814 1985 arbor

327 2034 438 2077 citri
469 2038 522 2077 et
552 2047 839 2076 mensarum
870 2033 1063 2076 insania
1094 2046 1216 2093 quas
1247 2029 1466 2076 feminae
1497 2033 1612 2075 viris
1640 2036 1814 2076 contra

328 2124 624 2184 margaritas
657 2127 914 2183 regerunt.
985 2127 1154 2166 exstat
1186 2119 1336 2166 hodie
1372 2119 1445 2166 M.
1481 2118 1731 2166 Ciceronis
1762 2122 1814 2164 in

329 2210 412 2257 illa
440 2217 745 2275 paupertate
778 2218 848 2266 et,
881 2210 1016 2273 quod
1046 2213 1205 2273 magis
1237 2213 1418 2256 mirum
1450 2216 1546 2266 est,
1576 2209 1659 2255 illo
1690 2225 1814 2256 aevo

719 2305 735 2330 ¹
766 2308 869 2356 [non
889 2305 1147 2357 epistulas]?
1178 2305 1402 2345 Rackham.

340 2464 425 2549 ἳΙῦΙ
441 2457 518 2550 15388.
537 2461 721 2548 stennon,
764 2456 952 2496 German
994 2454 1003 2469 ‘
1024 2454 1287 2494 Baumwolle
1306 2454 1315 2469 ’
1337 2473 1379 2487 =
1401 2461 1410 2475 ⁴
1428 2460 1517 2494 trec
1531 2456 1677 2494 -wool.‘
1736 2455 1812 2494 See

335 2604 414 2648 152
