1909 2998
541 205 785 251 PLINY:
850 204 1180 258 NATURAL
1226 203 1524 250 HISTORY

291 331 507 396 adipsos,
530 332 715 387 viridis,
741 331 892 378 odore
918 331 1036 377 mali
1061 334 1278 386 cotonei,
1304 331 1438 377 nullo
1462 333 1597 377 intus
1620 330 1772 393 ligno.

288 409 538 471 colligitur
556 415 798 454 autumno
819 408 837 437 1
855 408 1004 471 paulo
1023 415 1142 454 ante
1164 424 1315 470 quam
1331 410 1540 471 incipiat
1556 414 1776 454 mature-

285 501 441 531 scere.
510 485 644 547 quod
668 488 708 530 si
732 485 1062 547 relinquatur,
1087 483 1546 548 phoenicobalanus
1569 491 1776 530 vocatur

291 569 344 608 et
370 565 608 624 nigrescit
635 565 985 624 vescentisque
1013 562 1246 607 inebriat.
1315 560 1639 624 myrobalano
1663 577 1776 625 pre-

288 641 416 684 tium
447 641 498 683 in
529 638 679 684 libras
714 638 753 684 Χ
790 654 845 684 11.
914 641 1172 685 institores
1207 644 1260 684 et
1296 636 1493 684 faecem
1530 640 1775 701 unguenti

288 713 381 761 hoc
404 718 605 762 nomine
630 715 903 779 appellant.

190 798 270 837 104
351 791 591 837 XLVIII.
632 792 864 838 Calamus
925 808 1125 855 quoque
1182 791 1420 838 odoratus
1479 794 1531 837 in
1589 791 1776 838 Arabia

288 885 498 915 nascens
543 873 820 914 communis
865 869 1002 914 Indis
1047 876 1201 931 atque
1243 867 1420 932 Syriae
1456 875 1551 924 est,
1587 871 1639 914 in
1677 885 1776 931 qua

288 948 443 991 vincit
467 948 640 991 omnis.
691 962 720 991 a
745 953 915 991 nostro
935 948 1061 991 mari
1085 960 1142 991 cL
1166 945 1342 992 stadiis
1368 948 1501 991 inter
1526 944 1776 991 Libanum

287 1029 514 1068 montem
535 1022 788 1084 aliumque
815 1022 1274 1086 ignobilem—non,
1291 1029 1349 1068 ut
1374 1021 1581 1085 quidam
1606 1024 1776 1068 existi-

288 1115 507 1154 mavere,
565 1098 1034 1144 Antilibanum—in
1094 1098 1319 1145 convalle
1378 1097 1577 1145 modica
1633 1101 1776 1145 iuxta

286 1175 451 1221 lacum
486 1178 623 1221 cuius
659 1175 903 1239 palustria
938 1182 1136 1222 aestate
1173 1178 1441 1231 siccantur,
1470 1177 1674 1222 tricenis
1711 1175 1775 1221 ab

289 1268 349 1298 eo
373 1252 547 1298 stadiis
572 1251 791 1298 calamus
818 1259 871 1298 et
894 1254 1069 1299 iuncus
1095 1252 1291 1298 odorati
1313 1255 1606 1316 gignuntur.
1655 1269 1774 1298 sane

289 1331 422 1375 enim
447 1329 670 1375 dicamus
697 1336 750 1375 et
775 1329 839 1375 de
865 1332 1030 1385 iunco,
1048 1332 1273 1392 quamvis
1299 1329 1396 1375 alio
1420 1328 1588 1375 herbis
1607 1328 1775 1375 dicato

287 1405 555 1462 volumine,
593 1409 829 1468 quoniam
869 1413 1072 1452 tantum
1092 1405 1112 1435 2
1147 1405 1227 1452 hic
1263 1413 1636 1468 unguentorum
1672 1422 1776 1451 ma-

186 1488 264 1527 105
283 1485 413 1528 teria
461 1488 727 1529 tractatur.
802 1481 923 1528 nihil
974 1499 1094 1546 ergo
1151 1499 1180 1528 a
1219 1485 1402 1529 ceteris
1453 1485 1528 1528 sui
1575 1486 1774 1545 generis

288 1558 524 1605 differunt
541 1567 766 1623 aspectu,
784 1559 873 1606 sed
888 1559 1108 1606 calamus
1123 1562 1407 1623 praestanti
1424 1559 1577 1605 odore
1595 1562 1769 1606 statim

288 1652 315 1681 e
332 1635 604 1699 longinquo
620 1639 818 1692 invitat,
838 1636 1031 1682 mollior
1046 1636 1492 1699 tactu,meliorque
1513 1639 1597 1699 qui
1612 1639 1774 1683 minus

288 1711 476 1776 fragilis
499 1720 552 1759 et
575 1716 659 1776 qui
682 1713 900 1759 assulose
922 1717 1091 1777 potius
1115 1730 1267 1776 quam
1289 1716 1374 1776 qui
1395 1712 1606 1777 raphani
1625 1713 1775 1759 modo

186 1795 265 1834 106
284 1788 547 1852 frangitur.
615 1793 749 1836 inest
815 1790 1013 1837 fistulae
1080 1807 1321 1837 araneum
1388 1790 1523 1853 quod
1590 1797 1773 1836 vocant

288 1866 488 1921 florem3
547 1870 887 1930 praestantior
934 1874 1012 1913 est
1058 1870 1138 1914 cui
1184 1870 1512 1913 numerosius.
1580 1866 1774 1929 reliqua

285 1944 518 2006 probatio
555 1951 612 1989 ut
648 1947 791 2006 niger
826 1944 1263 1990 sit———damnantur
1293 1943 1637 1990 albi—melior
1673 1960 1772 2006 quo

287 2020 484 2065 brevior
514 2023 821 2083 crassiorque
855 2027 907 2067 et
938 2020 1105 2067 lentus
1136 2023 1188 2066 in
1220 2019 1514 2083 frangendo
1582 2019 1774 2066 calamo

284 2099 505 2159 pretium
548 2099 598 2141 in
640 2096 789 2142 libras
833 2096 1053 2160 singulas
1099 2097 1139 2143 Χ
1185 2112 1221 2153 1,
1264 2099 1410 2143 iunco
1462 2097 1501 2143 Χ
1547 2111 1592 2143 v.
1673 2103 1774 2142 tra-

739 2208 754 2232 ²
787 2207 1006 2257 Mayhoff:
1037 2212 1115 2247 aut
1134 2208 1264 2248 enim.

738 2261 753 2284 ²
783 2261 1039 2300 Pintianus:
1071 2266 1233 2300 tamen.

341 2397 357 2413 ‘¹
388 2391 489 2429 This
523 2392 609 2430 and
643 2391 716 2429 the
751 2391 924 2429 scented
959 2392 1059 2430 rush
1102 2391 1235 2430 below
1269 2391 1421 2442 belong
1455 2396 1501 2430 to
1536 2391 1608 2430 the
1641 2404 1774 2442 genus

288 2444 590 2537 glgdoeglolquzts
637 2444 720 2483 For
745 2445 926 2483 another
948 2446 1056 2483 view
1081 2445 1134 2484 cf.
1157 2445 1248 2484 Vol.
1272 2443 1371 2492 VII,
1397 2445 1533 2484 Index
1558 2445 1605 2484 of
1625 2445 1773 2484 Plants

346 2550 361 2574 ὁ
391 2551 514 2590 Jebel
536 2565 580 2590 es
601 2551 771 2591 Sheikh.

291 2640 345 2684 74
