1909 2998
563 194 806 240 PLINY:
870 194 1200 241 NATURAL
1245 194 1542 242 HISTORY

228 329 278 367 10
313 328 400 368 aut
424 320 658 376 anchusa,
681 323 809 366 vino.
877 321 1047 367 similis
1070 324 1198 367 ratio
1222 328 1275 367 et
1297 324 1348 367 in
1370 326 1583 378 crocino,
1607 323 1789 370 additis

227 768 272 805 11

226 1574 276 1614 13

308 395 580 450 cinnabari,
613 393 848 449 anchusa,
879 397 1020 448 vino;
1071 395 1242 440 similis
1275 402 1329 441 et
1359 398 1410 440 in
1442 396 1790 459 sampsuchino

310 468 544 513 admixtis
571 466 850 531 omphacio,
875 467 1095 513 calamo:
1140 471 1388 532 optimum
1413 467 1506 515 hoc
1531 472 1582 515 in
1608 469 1790 533 Cypro,

313 540 591 604 Mytilenis,
634 541 718 586 ubi
759 540 974 604 plurima
1015 540 1354 604 sampsuchus.
1422 545 1696 588 miscentur
1737 550 1790 589 et

309 614 479 660 viliora
517 630 706 677 genera
745 613 842 659 olei
883 630 910 660 e
950 621 1135 677 myrto,
1174 613 1334 670 lauru,
1375 615 1553 676 quibus
1590 615 1791 661 additur

308 685 677 750 sampsuchum,
704 687 878 742 lilium,
907 686 1080 733 fenum
1109 687 1376 743 Graecum,
1405 705 1588 744 murra,
1616 692 1789 744 cassia,

311 761 539 816 nardum,
598 763 788 815 iuncus,
847 763 1232 806 cinnamomum.
1302 778 1330 807 e
1390 761 1531 807 malis
1591 779 1789 824 quoque

308 837 530 880 cotoneis
556 841 608 879 et
632 833 872 880 strutheis
898 833 955 880 fit
979 833 1162 889 oleum,
1186 841 1244 880 ut
1267 834 1510 890 dicemus,
1533 835 1790 892 melinum,

310 908 443 970 quod
462 911 511 952 in
533 915 791 970 unguenta
811 910 993 953 transit
1012 907 1249 953 admixtis
1270 906 1550 971 omphacio,
1568 912 1791 972 cyprino,

307 984 572 1035 sesamino,
612 980 852 1036 balsamo,
892 983 1055 1036 iunco,
1095 983 1269 1036 cassia,
1309 979 1603 1027 habrotono.
1671 985 1791 1028 susi-

308 1072 428 1100 num
471 1056 822 1100 tenuissimum
868 1056 1090 1100 omnium
1138 1061 1242 1108 cst,
1306 1061 1506 1101 constat
1553 1072 1615 1101 ex
1661 1055 1790 1112 liliis,

309 1128 561 1183 balanino,
586 1127 796 1183 calamo,
823 1127 1011 1182 melle,1
1038 1130 1286 1183 cinnamo,
1313 1144 1472 1183 croco,
1499 1144 1693 1182 murra3
1738 1136 1791 1175 et

307 1201 425 1247 dein
444 1201 463 1229 2
483 1203 745 1265 cyprinum
766 1218 828 1247 ex
849 1217 1002 1263 cypro
1023 1207 1076 1246 et
1097 1199 1359 1263 omphacio
1381 1207 1434 1246 et
1454 1201 1790 1258 cardamomo,

306 1274 515 1330 calamo,
549 1273 827 1337 aspalatho,
859 1273 1167 1328 habroton03
1218 1274 1371 1336 aliqui
1404 1277 1559 1320 etiam
1579 1274 1600 1303 ³
1631 1278 1791 1339 cypri-

307 1363 428 1394 num
459 1347 653 1394 addunt
684 1354 737 1394 et
766 1364 986 1393 murram
1017 1354 1070 1393 et
1099 1363 1372 1411 panacem:
1420 1346 1514 1393 hoc
1545 1351 1790 1412 optimum

307 1420 509 1477 Sidone,
533 1438 650 1466 mox
676 1421 931 1484 Aegypto.
1000 1423 1040 1466 si
1065 1437 1182 1467 vero
1202 1419 1223 1449 4
1247 1420 1464 1466 addatur
1488 1424 1790 1467 sesaminum

308 1494 491 1550 oleum,
515 1494 663 1540 durat
688 1502 741 1541 et
765 1494 1122 1557 quadrienni03
1165 1496 1416 1541 excitatur
1439 1497 1768 1541 cinnamomo.

373 1567 605 1614 Telinum
669 1568 726 1614 fit
789 1585 852 1614 ex
911 1566 1022 1613 oleo
1079 1570 1292 1623 recenti,
1350 1584 1522 1630 cypro,
1581 1568 1791 1624 calamo,

309 1641 550 1697 meliloto,
618 1640 736 1687 feno
806 1642 1019 1697 Graeco,
1085 1640 1254 1697 melle,
1322 1657 1480 1696 maro,
1544 1657 1789 1688 amaraco.

308 1714 401 1761 hoc
456 1715 616 1761 multo
674 1722 785 1761 erat
838 1714 1222 1760 celeberrimum
1282 1713 1552 1760 Menandri
1606 1722 1791 1778 poetae

308 1791 483 1834 comici
536 1795 738 1843 aetate3
797 1795 978 1852 postea
1029 1790 1270 1834 successit
1319 1794 1529 1851 propter
1579 1787 1791 1850 gloriam

310 1861 620 1925 appellatum
689 1861 980 1924 megalium,
1051 1878 1114 1907 ex
1187 1861 1298 1907 oleo
1366 1860 1619 1916 balanino,
1688 1861 1792 1907 bal-

309 1952 465 1991 samo,
512 1935 723 1990 calamo,
771 1938 935 1990 iunco,
983 1934 1343 1997 xylobalsamo,
1389 1937 1564 1989 cassia,
1610 1937 1787 1980 resina.

308 2006 453 2054 huius
498 2011 780 2072 proprietas
823 2015 880 2053 ut
917 2007 1192 2053 ventiletur
1232 2010 1282 2052 in
1324 2006 1587 2070 coquendo
1632 2006 1791 2054 donec

758 2128 771 2151 ¹
801 2127 1078 2166 Hermolaus:
1110 2126 1274 2166 melius.

755 2181 770 2204 ²
801 2180 998 2231 Illayhoff
1012 2195 1020 2219 :
1051 2184 1096 2220 et
1115 2181 1244 2220 idem.

754 2234 770 2256 ³
799 2235 962 2273 ctiam?
996 2234 1215 2284 Mayhoff:
1246 2237 1290 2272 et
1311 2233 1367 2272 in.

755 2288 770 2311 ⁴
800 2291 932 2327 vero?
965 2287 1184 2338 Mayhosf:
1215 2300 1315 2326 non.

371 2417 388 2435 ⁰
417 2411 687 2462 Apparently
720 2411 796 2449 the
829 2423 956 2449 name
988 2411 1024 2449 is
1057 2410 1271 2461 supposed
1304 2414 1352 2449 to
1385 2410 1495 2448 have
1529 2423 1649 2448 come
1679 2410 1789 2449 from

314 2466 453 2516 μέγας,
477 2465 486 2480 ‘
500 2464 650 2515 great‚’
671 2464 750 2503 but
774 2477 892 2503 more
914 2464 1127 2516 probably
1147 2466 1182 2503 it
1201 2477 1288 2503 was
1306 2463 1554 2503 discovered
1578 2463 1635 2514 by
1655 2476 1788 2502 somo-

315 2532 393 2558 one
414 2519 571 2557 named
591 2518 794 2569 Megalus.

312 2611 399 2653 104
