1940 2998
237 514 312 552 168

589 227 832 274 PLINY:
898 226 1227 274 NATURAL
1273 225 1570 271 HISTORY

340 371 482 400 coma
518 371 744 409 nascens,
773 354 954 400 adarca
990 352 1233 408 nomine,1
1267 352 1531 398 utilissima
1566 351 1821 408 dentibus,

342 434 575 492 quoniam
600 433 670 476 vis
696 431 876 476 eadem
901 438 978 476 est
1003 446 1131 492 quae
1157 432 1332 493 sinapi.

401 507 479 552 De
513 505 832 552 Orchomenii
868 507 1002 553 lacus
1035 506 1380 552 harundinetis
1414 508 1693 552 accuratius
1725 505 1822 551 dici

341 587 473 645 cogit
515 583 778 628 admiratio
818 587 1040 646 antiqua.
1108 582 1371 628 characian
1410 581 1657 628 vocabant
1695 599 1822 628 cras-

341 663 520 705 siorem
578 659 963 722 firmioremque,
1017 660 1267 723 plocimon
1322 675 1439 704 vero
1495 658 1822 714 subtiliorem,

344 735 471 781 hanc
526 739 576 781 in
630 736 799 782 insulis
854 736 1166 782 fluitantibus
1208 742 1398 791 natam,
1439 735 1573 780 illam
1616 738 1664 780 in
1706 738 1823 799 ripis

237 821 314 858 169
339 816 668 876 exspatiantis
687 813 837 859 lacus.
905 816 1061 859 tertia
1080 820 1157 859 est
1177 811 1406 858 harundo
1424 812 1609 858 tibialis
1628 812 1824 868 calami,

240 1664 315 1702 170

342 907 493 952 quem
543 890 793 935 auleticon
843 890 1096 936 dicebant.
1164 906 1296 935 nono
1346 888 1424 934 hic
1475 905 1604 934 anno
1655 905 1824 934 nasce-

343 967 518 1020 batur3
570 983 685 1011 nam
719 974 772 1012 et
805 966 939 1012 lacus
973 970 1284 1012 incremento
1317 964 1410 1011 hoc
1442 968 1681 1028 temporis
1715 982 1824 1028 spa-

342 1047 468 1088 tium
489 1044 507 1071 2
533 1043 782 1098 servabat,
807 1043 1120 1106 prodigiosus
1149 1045 1188 1088 si
1216 1042 1416 1105 quando
1443 1041 1823 1105 amplitudinem

343 1121 543 1165 biennio
569 1120 899 1175 extendisset,
920 1119 1054 1182 quod
1078 1127 1309 1165 notatum
1336 1117 1471 1182 apud
1497 1118 1825 1164 Chaeroniam

343 1195 560 1242 infausto
576 1195 962 1242 Atheniensium
974 1196 1180 1259 proelio.
1232 1203 1308 1241 est
1322 1211 1478 1258 prope
1497 1194 1787 1241 Lebadia*‘*
1806 1195 1826 1224 ³

344 1281 548 1318 vocatur
593 1272 835 1319 influente
884 1272 1114 1336 Cephiso.
1182 1290 1295 1318 cum
1343 1275 1494 1335 igitur
1541 1288 1671 1318 anno
1712 1288 1826 1335 per·

343 1353 526 1395 mansit
553 1350 831 1406 inundatio,
856 1350 1122 1413 proficiunt
1149 1353 1198 1394 in
1226 1352 1601 1412 aucupatoriam
1627 1365 1824 1411 quoque

344 1426 753 1489 amplitudinem:
816 1427 1122 1472 vocabantur
1165 1429 1425 1488 zeugitae3
1472 1432 1646 1471 contra
1688 1426 1825 1471 bom-

343 1504 517 1566 byciae
534 1506 776 1549 maturius
793 1503 1085 1566 reciproca,4
1094 1503 1320 1565 graciles,
1337 1501 1633 1548 feminarum
1650 1502 1824 1548 latiore

347 1579 463 1625 folio
489 1587 643 1642 atque
676 1579 983 1636 candidiore,
1008 1580 1205 1625 modica
1235 1579 1467 1642 lanugine
1504 1587 1591 1625 aut
1627 1582 1826 1624 omnino

353 1656 486 1702 nulla
523 1656 801 1719 spadonum
835 1660 1035 1702 nomine
1073 1659 1292 1719 insignis.
1361 1655 1474 1701 hinc
1499 1663 1642 1702 erant
1667 1672 1824 1701 arma-

344 1740 516 1779 menta
541 1733 603 1779 ad
622 1733 834 1779 inclutos
855 1741 1049 1788 cantus,
1067 1750 1165 1778 non
1185 1732 1377 1778 silendo
1397 1739 1449 1778 et
1468 1733 1658 1794 reliquo
1677 1748 1824 1778 curae

344 1809 598 1864 miraculo,
618 1816 674 1855 ut
701 1813 847 1855 venia
872 1813 936 1856 sit
962 1816 1173 1872 argento
1196 1813 1295 1855 iam
1318 1812 1484 1872 potius
1509 1812 1634 1855 cani.
1683 1808 1823 1855 caed³

343 1886 571 1931 solebant
588 1890 921 1949 tempestivae
938 1903 1094 1948 usque
1113 1886 1176 1931 ad
1192 1885 1535 1949 Antigeniden
1551 1885 1825 1941 tibicinem,

344 1979 456 2008 cum
494 1961 654 2008 adhuc
691 1963 901 2025 simplici
939 1966 1127 2008 musica
1163 1970 1443 2017 uterentur,
1470 1963 1561 2008 sub
1593 1962 1822 2009 Arctum.

408 2071 420 2093 ¹
448 2070 612 2108 Urlichs
633 2085 641 2108 ε
673 2083 852 2108 nascens
872 2070 1029 2108 adarca
1050 2071 1222 2108 nomine
1243 2075 1336 2108 ante
1356 2068 1571 2120 palustris.

405 2123 419 2145 ²
450 2124 713 2183 incremento
744 2153 754 2162 .
786 2153 797 2162 .
829 2153 840 2163 .
870 2125 1091 2174 spatium?
1126 2123 1345 2174 Maylzofs:
1381 2124 1692 2162 incrementum
1725 2152 1735 2163 .
1768 2151 1781 2164 .
1811 2151 1824 2164 .

349 2182 502 2227 spatio.

402 2230 418 2252 ³
448 2229 681 2280 Detlessen:
713 2234 757 2268 et
776 2243 902 2280 saepe
920 2230 1101 2268 lebaida.

403 2284 417 2306 ‘²
449 2285 693 2333 reciproca?
730 2283 947 2333 Mayhoff:
978 2285 1208 2334 reciproco.

403 2436 420 2454 ⁰
449 2430 505 2468 At
537 2429 780 2469 Chaeronea
814 2430 856 2468 in
891 2430 1070 2468 Boeotia
1102 2431 1176 2468 the
1210 2430 1444 2469 Athenians
1478 2430 1562 2468 and
1597 2430 1825 2470 Boeotians

348 2497 453 2522 were
473 2483 668 2522 defeated
693 2483 749 2534 by
772 2483 911 2534 Philip
932 2483 980 2521 of
999 2483 1241 2522 Macedon’s
1262 2483 1464 2534 invading
1483 2497 1619 2535 army,
1641 2485 1719 2523 338
1741 2496 1822 2524 B.c.

402 2537 416 2560 ὁ
444 2537 533 2576 The
555 2537 682 2576 Latin
702 2545 798 2576 text
818 2539 851 2576 is
872 2544 1059 2588 corrupt.

344 2613 432 2670 496
