1940 2998
594 197 837 243 PLINY:
902 196 1231 242 NATURAL
1277 195 1573 242 HISTORY

346 325 519 370 robore
569 323 713 369 facile
762 330 1074 386 putrescens,
1125 322 1340 369 teredini
1391 323 1621 377 obnoxia,
1672 338 1824 384 quare

345 434 543 480 semper
570 418 928 481 amputabitur.
998 418 1170 462 subest
1198 415 1311 462 huic
1339 433 1469 471 caro,
1496 418 1630 461 carni
1654 415 1672 444 ¹
1700 431 1826 470 ossa,

244 517 320 556 183
344 511 394 557 id
426 518 502 556 est
533 514 775 556 materiae
807 513 1069 574 optimum.
1139 510 1391 555 alternant
1422 508 1611 555 fructus
1649 508 1826 571 quibus

346 607 517 650 siccius
538 604 746 667 lignum,
769 610 824 649 ut
846 603 972 659 olea,
993 605 1152 666 magis
1175 619 1326 665 quam
1349 603 1527 665 quibus
1548 618 1827 657 carnosum,

347 705 401 743 ut
427 714 638 743 cerasus
707 714 800 743 nec
826 698 1053 743 omnibus
1080 697 1254 760 adipes
1279 712 1515 742 carnesve
1541 695 1729 758 largae,
1755 697 1828 742 uti

346 808 439 837 nec
479 790 766 836 animalium
807 794 1086 844 acerrimis;
1145 797 1380 836 neutrum
1419 788 1610 835 habent
1649 790 1829 845 buxus,

346 901 540 940 cornus,
596 884 723 940 olea,
780 901 873 930 nec
929 883 1199 930 medullam
1256 886 1617 945 minimumque
1675 885 1829 929 etiam

348 981 621 1041 sanguinis,
639 980 786 1023 sicuti
805 994 915 1023 ossa
933 994 1032 1023 non
1051 976 1242 1023 habent
1260 977 1422 1032 sorba,
1440 992 1642 1022 carnem
1661 976 1830 1022 sabuci

345 1071 501 1117 —at2
536 1071 802 1134 plurimam
841 1071 1018 1117 ambae
1061 1070 1490 1117 medullam—nec
1527 1069 1830 1116 harundines

347 1168 532 1211 maiore
558 1182 620 1211 ex
643 1173 805 1229 parte.

243 1266 321 1305 184
410 1258 649 1305 LXXIII.
691 1259 749 1304 In
778 1258 1088 1321 quarundam
1118 1259 1348 1304 arborum
1384 1258 1612 1304 carnibus
1646 1257 1830 1321 pulpae

348 1369 608 1415 venaeque
625 1360 756 1398 sunt.
811 1352 1076 1398 discrimen
1092 1369 1264 1398 earum
1280 1351 1442 1407 facile,
1458 1367 1615 1397 venae
1630 1351 1831 1397 latiores

347 1447 758 1509 candidioresque
769 1446 938 1510 pulpa.
990 1445 1217 1492 fissilibus
1233 1448 1426 1500 insunt;
1446 1444 1560 1491 ideo
1574 1445 1630 1491 fit
1643 1452 1700 1490 ut
1713 1460 1832 1490 aure

350 1540 414 1586 ad
432 1546 586 1601 caput
607 1541 760 1585 trabis
782 1539 1058 1603 quamlibet
1075 1539 1379 1603 praelongae
1401 1538 1604 1585 admota
1622 1541 1749 1584 ictus
1769 1538 1832 1583 ab

351 1633 508 1680 altero
533 1636 699 1697 capite
725 1633 803 1680 vel
827 1632 1023 1697 graphii
1049 1636 1333 1679 sentiantur
1354 1639 1659 1696 penetrante
1684 1634 1832 1678 rectis

351 1728 599 1773 meatibus
650 1744 788 1782 sono,
839 1727 972 1773 unde
1025 1725 1421 1790 deprehenditur
1471 1743 1535 1772 an
1584 1732 1720 1772 torta
1769 1728 1833 1771 sit

248 1829 324 1869 185
347 1824 583 1867 materies
646 1821 889 1883 nodisque
952 1824 1162 1866 concisa.
1234 1821 1412 1883 quibus
1475 1826 1592 1866 sunt
1654 1819 1833 1866 tubera

351 1918 478 1960 sicut
498 1921 614 1959 sunt
630 1914 649 1942 ³
674 1917 725 1959 in
742 1931 890 1960 carne
911 1913 1131 1977 glandia,
1147 1917 1197 1959 in
1216 1917 1274 1959 iis
1293 1930 1386 1959 nec
1406 1929 1533 1959 vena
1551 1930 1644 1959 nec
1660 1912 1831 1976 pulpa,

353 2007 569 2070 quodam
595 2007 719 2053 callo
744 2010 903 2053 carnis
930 2011 980 2053 in
1005 2024 1058 2053 se
1085 2007 1379 2062 convoluto;
1422 2006 1515 2052 hoc
1538 2009 1832 2070 pretiosissi-

353 2118 490 2147 mum
531 2104 581 2146 in
622 2104 745 2146 citro
788 2108 840 2147 et
881 2118 1041 2147 acere.
1109 2108 1281 2147 cetera
1321 2117 1606 2147 mensarum
1646 2116 1834 2163 genera

356 2195 477 2239 fissis
504 2195 759 2239 arboribus
785 2197 1087 2240 circinantur
1112 2198 1162 2240 in
1186 2194 1411 2258 pulpam,
1438 2193 1621 2257 alioqui
1647 2193 1832 2256 fragilis

356 2295 489 2333 esset
529 2304 653 2333 vena
692 2290 740 2332 in
779 2288 950 2333 orbem
991 2288 1175 2333 arboris
1213 2304 1373 2334 caesa.
1444 2286 1570 2350 fagis
1606 2289 1832 2351 pectines

886 2415 899 2437 ¹
934 2413 1090 2463 Mayko
1143 2429 1151 2452 :
1185 2415 1264 2453 cui.

884 2469 898 2490 ²
930 2466 1147 2517 Maykoff:
1178 2472 1235 2505 et.

883 2522 898 2543 ³
928 2520 1032 2559 Edd.
1054 2534 1063 2559 ε
1094 2521 1153 2559 sie
1173 2525 1289 2560 sunt.

354 2587 443 2643 506
