1909 2998
224 616 277 654 34

221 1348 274 1386 35

554 218 800 264 PLINY:
865 218 1195 265 NATURAL
1240 217 1537 264 HISTORY

309 361 335 390 e
366 344 654 407 glandiferis
685 345 788 391 sola
819 362 947 408 quae
979 352 1184 391 vocatur
1214 344 1436 409 aegilops
1467 344 1567 391 fert
1594 361 1786 408 pannos

308 419 524 467 arentes,
564 428 789 457 muscoso
829 412 941 458 villo
980 428 1146 467 canos,
1186 428 1285 457 non
1323 414 1374 457 in
1412 414 1597 457 cortice
1637 412 1787 458 modo

309 494 478 523 verum
506 485 558 524 et
585 494 612 523 e
638 481 786 523 ramis
812 478 1162 541 dependentes
1188 478 1393 523 cubitali
1419 478 1786 541 magnitudine,

307 543 557 599 odoratos,
582 547 657 590 uti
682 544 897 590 diximus
922 548 1054 589 inter
1079 551 1355 606 unguenta.

373 610 546 656 Suberi
573 614 777 656 minima
801 612 961 666 arbor,
985 611 1124 673 glans
1147 614 1363 673 pessima
1387 617 1440 656 et
1462 627 1588 665 rara,
1611 616 1786 657 cortex

307 683 508 723 tantum
550 680 601 722 in
643 676 825 732 fructu,
866 693 1181 740 praecrassus
1225 694 1281 722 ac
1323 693 1590 723 renascens
1633 683 1786 739 atque

309 746 462 789 etiam
485 747 536 789 in
559 743 714 789 denos
735 743 893 807 pedes
918 744 1138 805 undique
1169 743 1494 806 explanatus:
1536 760 1651 790 usus
1682 747 1787 790 eius

309 810 619 856 ancoralibus
654 814 873 856 maxime
909 813 1109 855 navium
1142 812 1545 873 piscantiumque
1579 810 1787 873 tragulis

309 884 361 922 et
416 877 655 923 cadorum
712 877 1094 931 obturamentis,
1150 884 1418 939 praeterea
1473 880 1524 921 in
1580 875 1788 923 hiberno

308 941 606 989 feminarum
622 943 865 989 calceatu.
915 943 1241 1006 quamobrem
1257 959 1356 988 non
1371 942 1590 989 infacete
1609 943 1788 989 Graeci

307 1012 503 1056 corticis
549 1010 777 1056 arborem
822 1010 1093 1074 appellant.
1162 1016 1278 1056 sunt
1323 1016 1376 1055 et
1421 1012 1504 1072 qui
1548 1008 1787 1055 feminam

307 1076 471 1122 ilicem
508 1084 690 1123 vocent
727 1084 899 1139 atque,
937 1077 1021 1122 ubi
1059 1093 1158 1121 non
1195 1079 1415 1122 nascitur
1450 1076 1566 1131 ilex,
1601 1093 1691 1139 pro
1729 1092 1789 1122 ea

308 1143 486 1189 subere
517 1150 725 1189 utantur
753 1147 804 1188 in
833 1146 1158 1205 carpentariis
1186 1146 1456 1206 praecipue
1487 1142 1702 1198 fabricis,
1733 1150 1789 1189 ut

306 1212 435 1255 circa
476 1210 605 1255 Elim
649 1217 702 1256 et
745 1209 1195 1256 Lacedaemonem.
1265 1226 1357 1255 nec
1397 1212 1449 1254 in
1491 1209 1639 1255 Italia
1678 1216 1789 1255 tota

308 1279 528 1322 nascitur
552 1283 640 1322 aut
664 1280 715 1322 in
741 1276 904 1323 Gallia
928 1280 1143 1322 omnino.

368 1343 501 1389 XIV.
530 1343 715 1389 Cortex
730 1350 783 1389 et
795 1343 915 1406 fagi,
930 1343 1086 1398 tiliae,
1103 1342 1319 1397 abietis,1
1333 1345 1525 1405 piceae,
1541 1345 1591 1387 in
1606 1359 1789 1405 magno

307 1425 399 1456 usu
446 1413 735 1472 agrestium.
804 1426 922 1455 vasa
969 1426 1029 1455 eo
1076 1410 1350 1471 corbesque
1399 1425 1456 1454 ac
1501 1412 1789 1472 patentiora

307 1476 557 1538 quaedam
581 1477 824 1522 messibus
849 1474 1184 1522 convehendis
1209 1475 1571 1537 vindemiisque
1597 1474 1788 1521 faciunt

307 1550 460 1605 atque
495 1543 756 1606 proiecta2
794 1546 1124 1606 tuguriorum.
1194 1543 1366 1588 scribit
1404 1545 1455 1587 in
1493 1546 1686 1588 recenti
1724 1542 1788 1588 ad

306 1608 457 1655 duces
494 1610 780 1672 explorator
825 1609 1048 1656 incidens
1093 1609 1288 1655 litteras
1327 1609 1387 1669 †a
1432 1608 1647 1670 suco†;³
1695 1625 1788 1655 nec

306 1692 405 1721 non
440 1683 492 1722 et
528 1680 578 1721 in
614 1676 832 1739 quodam
867 1693 959 1722 usu
994 1692 1245 1722 sacrorum
1279 1675 1537 1738 religiosus
1574 1682 1651 1721 est
1685 1674 1787 1738 fagi

305 1749 496 1798 cortex,
522 1743 610 1789 sed
637 1760 735 1788 non
762 1743 911 1789 durat
937 1743 1081 1788 arbor
1104 1745 1226 1806 ipsa.

583 1841 591 1863 ¹
625 1838 695 1878 Sic
722 1839 1030 1889 Warminqton:
1063 1838 1184 1889 fagis,
1204 1838 1336 1886 tiliae,
1357 1837 1503 1877 abieti.

576 1894 592 1917 ²
621 1892 874 1932 Hardouin:
906 1897 1115 1943 protecta,

573 1946 588 1969 ³
620 1948 772 1986 incisas
792 1947 937 1986 literas
957 1951 1129 1997 tegente
1150 1959 1251 1985 suco
1272 1946 1411 1984 Dalec.

358 2074 375 2092 ‘²
404 2068 531 2107 Some
549 2068 652 2106 kind
671 2067 720 2106 of
733 2067 871 2107 lichen
890 2068 924 2106 is
942 2067 1125 2106 referred
1144 2072 1204 2106 to.

359 2121 374 2145 ὁ
403 2122 491 2160 The
511 2121 722 2160 reference
746 2122 780 2160 is
799 2127 845 2160 to
865 2121 966 2160 cork
985 2121 1110 2160 floats
1130 2120 1235 2160 used
1253 2120 1389 2160 either
1406 2124 1452 2159 to
1473 2133 1594 2172 carry
1613 2120 1687 2160 the
1705 2121 1789 2160 end

304 2175 353 2214 of
365 2189 390 2214 a
409 2175 741 2226 mooring-cable
759 2175 836 2214 left
853 2174 1058 2213 attached
1076 2179 1122 2213 to
1140 2187 1196 2213 an
1213 2174 1373 2213 anchor
1390 2187 1437 2213 or
1454 2187 1479 2212 a
1499 2179 1622 2213 stone
1642 2187 1698 2213 on
1715 2175 1789 2214 the

305 2229 475 2267 bottom
496 2228 545 2267 of
561 2242 586 2267 a
607 2227 795 2266 harbour
815 2241 862 2267 or
882 2228 1126 2273 roadstead,
1148 2241 1196 2266 or
1215 2232 1262 2267 to
1284 2240 1406 2278 carry
1426 2227 1501 2266 the
1522 2232 1598 2277 top
1619 2227 1724 2279 edge
1745 2227 1794 2266 of

306 2296 329 2320 a
349 2282 597 2332 fishing-net
617 2281 715 2320 held
735 2285 833 2320 taut
854 2281 911 2333 by
932 2281 1109 2332 weights
1129 2281 1255 2331 along
1275 2282 1330 2320 its
1352 2281 1521 2320 bottom
1541 2281 1659 2332 edge.

359 2341 372 2358 ⁶
400 2335 490 2373 The
511 2335 647 2374 Greek
669 2348 794 2373 name
815 2335 880 2373 for
899 2335 973 2373 the
995 2335 1175 2382 Quercus
1189 2334 1320 2374 Suber
1339 2347 1425 2373 was
1445 2333 1604 2385 φελλός,
1626 2348 1651 2373 a
1672 2334 1788 2373 word

306 2389 394 2427 also
415 2389 519 2427 used
535 2388 599 2427 for
620 2388 694 2426 the
711 2388 810 2427 cork
827 2388 952 2427 floats
969 2401 1023 2426 on
1040 2402 1064 2426 a
1081 2393 1176 2433 net3
1199 2387 1264 2426 for
1278 2387 1383 2427 bark
1397 2387 1501 2438 they
1514 2387 1619 2426 used
1634 2387 1786 2437 φλοιός.

360 2441 378 2465 ‘¹
406 2441 495 2480 The
523 2442 661 2479 words
691 2455 717 2479 (ι
745 2455 840 2479 suco
869 2442 978 2480 have
1007 2441 1171 2479 evaded
1202 2441 1408 2491 plausible
1436 2441 1711 2492 explanation
1741 2454 1788 2479 or

305 2495 593 2534 emendation.
653 2494 741 2532 The
761 2495 928 2545 general
943 2508 1062 2533 sense
1075 2496 1108 2532 is
1121 2494 1218 2532 that,
1230 2508 1254 2533 a
1267 2507 1401 2532 messa
1407 2507 1456 2541 ge
1468 2507 1553 2532 was
1565 2494 1786 2533 scratched

305 2561 361 2587 on
382 2562 407 2587 a
429 2549 536 2599 strip
558 2548 606 2586 os
625 2547 730 2586 bark
752 2547 909 2599 freshly
933 2548 1078 2599 peeled
1101 2548 1164 2586 off
1182 2561 1207 2586 a
1229 2552 1331 2594 tree,
1354 2548 1440 2586 and
1464 2548 1560 2586 that
1582 2548 1719 2598 owing
1742 2552 1787 2586 to

305 2638 395 2679 410
