1909 2998
561 212 805 259 PLINY:
869 213 1197 260 NATURAL
1242 212 1538 260 HISTORY

311 340 535 395 Idaeam,
564 340 646 386 alii
680 339 932 395 Orestion,
965 340 1048 385 alii
1081 343 1360 386 nectariam
1395 347 1594 396 vocant,
1621 340 1788 387 radice

308 433 539 495 ponderis
564 433 603 478 Χ
625 448 652 478 L
676 436 726 478 in
745 436 988 479 sextarios
1014 449 1102 479 sex
1122 436 1274 479 musti
1294 433 1469 480 addita
1487 432 1715 480 similiter
1736 436 1788 479 in

211 533 287 572 109
310 526 481 572 linte0.
531 543 593 572 ex
617 529 797 572 ceteris
822 525 988 572 herbis
1010 526 1065 572 fit
1086 525 1384 573 absinthites
1403 529 1455 572 in
1477 540 1537 572 Χῐ,
1559 529 1788 574 sextariis

309 623 460 665 musti
486 618 703 665 absinthi
727 619 920 666 Pontici
944 619 1069 665 libra
1093 619 1305 666 decocta
1328 619 1393 666 ad
1415 623 1594 665 tertias
1618 627 1787 682 partes

309 712 387 759 vel
411 716 570 775 scopis
596 711 813 758 absinthi
838 715 889 757 in
913 715 1082 758 vinum
1108 712 1307 759 additis.
1367 712 1596 759 similiter
1618 711 1788 776 hysso-

308 809 439 868 pites
472 822 499 852 e
530 804 701 852 Cilicio
731 805 946 868 hyssopo
977 808 1133 852 unciis
1162 805 1322 852 tribus
1353 809 1404 851 in
1434 805 1558 853 duos
1588 809 1789 870 congios

309 902 460 945 musti
490 902 691 945 coiectis
723 906 810 944 aut
834 902 958 945 tusis
995 902 1045 944 in
1079 898 1277 945 unum.1
1345 899 1471 945 fiunt
1494 906 1711 963 utraque
1736 907 1789 946 et

210 999 287 1038 110
309 992 405 1039 alio
442 992 608 1048 modo,
644 995 774 1039 circa
810 992 1001 1038 radices
1039 995 1214 1038 vitium
1251 999 1377 1038 sato.
1444 995 1513 1039 sic
1551 999 1603 1039 et
1638 991 1790 1040 helle-

307 1086 503 1132 boriten
537 1085 643 1132 fieri
675 1102 737 1132 ex
768 1093 966 1132 veratro
997 1088 1138 1148 nigro
1170 1085 1297 1132 Cato
1327 1085 1504 1132 docet:
1551 1089 1620 1132 sic
1651 1086 1707 1132 fit
1737 1094 1790 1133 et

309 1182 679 1234 scammonites,
701 1182 827 1224 mira
849 1182 1025 1225 vitium
1048 1185 1229 1224 natura
1250 1195 1479 1240 saporem
1501 1177 1719 1225 alienum
1738 1182 1790 1225 in

309 1289 362 1319 se
379 1271 632 1328 trahendi,
651 1288 805 1335 quare
826 1279 878 1318 et
896 1271 1101 1319 salicem
1119 1271 1350 1318 redolent
1368 1271 1722 1318 Patavinorum
1739 1276 1790 1319 in

308 1365 610 1428 palustribus
641 1365 940 1412 vindemiae.
1008 1368 1076 1412 sic
1108 1372 1160 1412 et
1189 1364 1501 1412 helleborum
1531 1368 1712 1412 seritur
1739 1369 1790 1412 in

308 1458 471 1506 Thaso
513 1466 600 1505 aut
640 1462 860 1505 cucumis
901 1458 1129 1505 silvester
1169 1466 1257 1505 aut
1297 1462 1620 1514 scammonia,
1657 1460 1790 1522 quod

311 1556 480 1598 vinum
503 1551 794 1614 phthorium
818 1559 1042 1608 vocatur,
1067 1555 1305 1614 quoniam
1329 1551 1531 1598 abortus
1554 1551 1691 1599 facit.

210 1652 281 1690 111
374 1646 454 1692 Fit
478 1653 529 1692 et
553 1662 616 1692 ex
637 1645 803 1692 herbis
828 1662 1039 1708 quarum
1061 1652 1274 1691 naturae
1296 1661 1384 1691 suo
1405 1644 1513 1691 loco
1534 1645 1789 1692 dicenturz

309 1755 338 1785 e
374 1738 647 1786 stoechade
685 1746 737 1785 et
773 1739 941 1786 radice
978 1742 1251 1801 gentianae
1291 1745 1344 1785 et
1379 1742 1700 1802 tragorigano
1737 1746 1789 1786 et

309 1833 580 1887 dictamno,
619 1848 776 1888 asaro,
814 1832 991 1886 dauco,
1031 1831 1347 1894 elelisphaco,
1383 1848 1591 1893 panace,
1629 1848 1790 1888 acoro,

309 1925 503 1989 thymo,
524 1926 875 1988 mandragora,
896 1928 1057 1971 iunco.
1126 1931 1366 1971 vocarunt
1389 1931 1442 1972 et
1463 1928 1715 1988 scyzinum
1737 1933 1789 1972 et

309 2019 600 2065 itaeomelin
626 2026 679 2065 et
704 2017 1110 2082 lectisphagiten,
1137 2035 1347 2081 quorum
1371 2021 1474 2064 iam
1499 2017 1790 2065 oblitterata

309 2115 436 2158 ratio
462 2119 554 2158 est.

210 2212 286 2249 112
373 2205 415 2250 Ε
438 2205 674 2251 fruticum
697 2221 814 2251 vero
837 2221 1025 2267 genere
1048 2204 1184 2251 cedri
1208 2207 1486 2267 utriusque,
1509 2220 1789 2267 cupressus,

307 2298 490 2353 laurus,
530 2300 743 2360 iunipiri,
781 2296 1075 2352 terebinthi,
1114 2296 1334 2351 calami,2
1372 2297 1584 2352 lentisci,
1632 2298 1789 2345 bacae

373 2415 387 2439 1
440 2414 457 2438 ,⁷
557 2414 564 2421 .

308 2520 334 2558 d
370 2413 688 2570 ²..JgelrrtYdihl‘ltclgli
719 2466 853 2506 callen
881 2471 953 2504 aut
990 2465 1131 2505 callini
1162 2470 1234 2505 aut
1265 2465 1388 2505 callia
1418 2467 1480 2517 (in
1511 2465 1648 2506 Gallia
1678 2466 1786 2508 Har-

337 2533 439 2559 oum
461 2551 470 2560 .

317 2597 404 2657 258
