1925 2998
585 217 830 265 PLINY:
894 217 1224 263 NATURAL
1270 216 1567 264 HISTORY

337 346 478 401 salix,
495 345 618 399 tilia,
635 344 842 399 betuna,
860 345 1088 399 sabucus,
1102 344 1316 407 populus
1335 351 1564 408 utraque.
1632 345 1817 393 levissi-

337 438 448 467 mae
480 439 541 467 ex
571 421 644 466 his
675 421 854 474 vitex,1
883 421 1005 466 salix
1035 420 1249 482 ideoque
1280 421 1599 476 utilissimae3
1645 439 1816 469 omnes

337 506 507 543 autem
562 498 625 543 ad
677 500 824 542 cistas
879 513 1108 560 quaeque
1130 496 1150 525 2
1197 496 1347 543 flexili
1400 505 1537 544 crate
1583 506 1817 546 constent

337 574 540 620 habiles.
591 573 781 619 habent
802 580 854 619 et
872 573 1157 628 candorem,
1177 576 1392 636 rigorem
1413 582 1466 620 et
1484 577 1535 619 in
1553 575 1816 638 sculpturis

234 657 313 696 210
337 651 646 696 facilitatem.
717 657 794 696 est
827 649 1027 695 lentitia
1057 650 1281 713 platano,
1314 650 1404 696 sed
1438 651 1657 707 madida,
1689 655 1818 699 sicut

336 728 476 781 alno;
513 730 686 773 siccior
712 727 895 773 eadem
921 726 1070 783 ulmo,
1098 726 1312 783 fraxino,
1333 743 1490 784 moro,
1510 744 1700 785 ceraso,
1725 728 1817 776 sed

336 803 677 866 ponderosior.
747 806 963 866 rigorem
993 802 1260 849 fortissime
1285 811 1452 850 servat
1476 803 1655 860 ulmus,
1679 805 1742 851 ob
1766 806 1816 852 id

335 881 615 927 cardinibus
632 879 1116 942 coassamentisque3
1129 887 1388 943 portarum
1404 880 1680 937 utilissima,
1697 898 1817 944 quo-

335 961 469 1002 niam
489 961 692 1003 minime
711 964 993 1019 torquetur,
1010 956 1348 1020 permutanda
1362 964 1564 1003 tantum
1579 960 1648 1004 sic
1664 966 1720 1004 ut
1738 975 1817 1004 ca-

231 1041 305 1079 211
334 1051 514 1080 cumen
534 1035 596 1079 ab
615 1033 847 1080 inferiore
873 1036 937 1079 sit
955 1033 1174 1088 cardine,
1190 1033 1331 1079 radix
1354 1037 1590 1097 superior.
1650 1035 1818 1098 palma

337 1118 414 1157 est
451 1147 461 1158 .
500 1147 510 1157 .
550 1110 583 1156 .4
606 1110 775 1156 similis
801 1118 853 1156 et
877 1111 1067 1156 suberis
1091 1113 1347 1166 materies,
1371 1113 1558 1173 spissae
1583 1118 1636 1158 et
1658 1112 1816 1158 malus

333 1191 588 1251 pii-usque,
620 1204 712 1233 nec
743 1204 843 1233 non
874 1204 1006 1243 acer,
1037 1187 1127 1233 sed
1158 1185 1352 1249 fragile,
1385 1195 1437 1233 et
1470 1204 1816 1250 quaecumque

335 1268 510 1327 crispa.
578 1268 629 1309 in
650 1265 878 1310 omnibus
901 1263 1146 1309 silvestria
1167 1271 1220 1309 et
1241 1263 1461 1309 mascula
1482 1263 1817 1311 differentiam

336 1345 573 1403 cuiusque
596 1344 795 1403 generis
818 1347 1035 1403 augent3
1077 1348 1129 1386 et
1150 1339 1422 1386 infecunda
1444 1340 1659 1386 firmiora
1679 1340 1818 1387 ferti-

336 1418 480 1472 libus,
502 1421 593 1462 nisi
616 1434 714 1479 quo
734 1420 785 1462 in
805 1433 993 1480 genere
1014 1433 1177 1462 mares
1200 1416 1386 1472 ferunt,
1407 1420 1535 1463 sicut
1556 1434 1816 1481 cupressus

337 1502 389 1540 et
412 1511 603 1540 cornus.

232 1576 310 1616 212
399 1570 682 1617 LXXVIII.
740 1570 936 1616 Cariem
979 1577 1387 1633 vetustatemque
1441 1587 1540 1616 non
1591 1574 1816 1617 sentiunt

335 1664 612 1711 cupressus,
658 1647 852 1703 cedrus,
902 1646 1145 1702 hebenus,
1195 1647 1343 1702 lotus,
1394 1648 1601 1703 buxum,
1651 1655 1816 1704 taxus,

336 1728 606 1787 iuniperus,
636 1724 868 1779 oleaster,
894 1724 1003 1769 olea
1020 1739 1031 1778 ;
1077 1740 1104 1769 e
1134 1724 1335 1786 reliquis
1364 1723 1645 1770 tardissime
1675 1724 1816 1780 larix,

335 1802 500 1856 robur,
530 1801 695 1855 suber,
724 1808 977 1855 castanea,
1007 1801 1216 1863 iuglans.
1283 1803 1461 1846 rimam
1490 1800 1814 1864 fissuramque

335 1894 434 1923 non
458 1881 594 1940 capit
618 1884 797 1941 sponte
822 1877 1017 1932 cedrus,
1041 1894 1319 1940 cupressus,
1344 1876 1471 1932 olea,
1496 1877 1701 1924 buxum.

231 1960 309 1999 213
395 1954 625 2000 LXXIX.
656 1953 880 1999 Maxime
899 1960 1157 1999 aeternam
1170 1961 1356 2017 putant
1375 1952 1646 2010 hebenum,
1662 1962 1715 2000 et
1733 1971 1815 2001 cu-

332 2048 558 2094 pressum
574 2030 897 2092 cedrumque,
913 2030 1043 2076 claro
1063 2030 1126 2076 de
1147 2031 1374 2076 omnibus
1395 2033 1615 2077 materiis
1634 2031 1814 2077 iudicio

334 2111 383 2152 in
426 2107 615 2170 templo
651 2106 899 2169 Ephesiae
937 2107 1150 2162 Dianae,
1188 2114 1364 2169 utpote
1401 2124 1513 2152 cum
1549 2114 1659 2153 tota
1695 2109 1814 2153 Asia

335 2191 603 2229 extruente
641 2199 729 2229 cxx
767 2187 906 2228 annis
935 2191 1194 2246 peractum
1219 2187 1296 2229 sit.
1364 2187 1597 2229 convenit
1621 2191 1812 2230 tectum

672 2352 688 2376 ¹
724 2350 938 2400 Mayhoff:
971 2351 1035 2388 his
1054 2352 1165 2389 sicut
1184 2356 1241 2390 ct.

669 2406 683 2427 ‘²
713 2417 933 2454 quaequae
953 2405 1172 2455 Dellefsen.

669 2458 681 2479 ‘²‘
712 2457 996 2496 Schneidewin
1015 2472 1023 2496 :
1056 2458 1368 2497 crassamentis.

670 2513 684 2533 ⁴
712 2512 924 2550 Lacunam
946 2510 1142 2562 Mayhoff
1157 2511 1246 2550 coll.
1268 2510 1471 2561 Theophr.

333 2610 418 2656 524
