1940 2998
579 176 825 222 PLINY:
890 175 1220 222 NATURAL
1264 174 1561 222 HISTORY

335 311 388 349 et
417 306 843 366 praegerminant,
868 305 917 346 in
952 309 1117 347 totum
1137 302 1156 330 1
1184 305 1445 364 praecocia
1479 301 1622 357 fiunt,
1652 309 1805 364 atque

334 373 385 415 in
424 377 591 415 totum
633 372 791 414 omnis
836 385 954 414 cura
998 367 1315 414 fertilitatem
1361 368 1531 423 adicit,
1577 367 1810 414 fertilitas

333 443 590 482 senectam
612 435 632 464 2
676 438 910 497 quoniam
960 438 1117 480 omnis
1166 434 1426 480 infirmitas
1469 434 1607 480 caelo
1651 437 1809 496 magis

334 502 552 548 oboedit.

236 574 310 613 120
400 568 512 614 LII.
555 566 751 613 Multae
779 567 921 630 plura
947 570 1178 629 gignunt,
1204 573 1261 612 ut
1294 566 1509 612 diximus
1544 569 1595 612 in
1620 566 1811 629 glandi-

334 634 449 680 feris
467 650 478 689 3
513 638 645 680 inter
665 650 786 696 quas
809 634 972 678 laurus
999 650 1117 679 uvas
1137 650 1267 688 suas,
1287 636 1608 695 maximeque
1628 633 1810 680 sterilis

335 718 463 763 quae
490 718 589 746 non
607 703 771 763 gignit
791 700 923 745 aliud
941 715 951 753 ;
989 701 1052 745 ob
1071 699 1122 745 id
1141 716 1170 744 a
1190 699 1489 762 quibusdam
1514 716 1620 745 mas
1641 702 1810 746 existi-

333 775 514 814 matur.
586 767 756 813 ferunt
782 774 835 812 et
860 766 1119 812 abellanae
1144 766 1268 812 iulos
1293 766 1563 829 conpactili
1585 766 1728 822 callo,
1748 766 1812 812 ad

335 833 455 879 nihil
475 834 651 888 utiles;
685 833 899 897 plurima
924 849 1039 879 vero
1064 832 1240 888 ilices,3
1265 849 1382 878 nam
1401 839 1455 879 et
1474 848 1649 879 semen
1667 849 1812 878 suum

335 908 388 946 et
411 917 622 963 granum
649 900 783 962 quod
805 907 1099 962 crataegum
1119 906 1315 954 vocant,
1336 906 1390 945 et
1415 915 1445 944 a
1463 902 1811 962 septentrione

336 970 539 1022 viscum,
564 984 594 1013 a
619 966 829 1013 meridie
854 965 1097 1029 hyphear,
1116 966 1181 1012 de
1207 969 1315 1028 quis
1339 965 1484 1028 plura
1509 982 1628 1012 mox
1643 965 1810 1030 paulO,

334 1034 688 1096 interdumque
713 1036 904 1096 pariter
929 1049 1008 1079 res
1037 1039 1307 1095 quaternas
1335 1031 1541 1078 habent.

236 1106 306 1143 121
400 1100 540 1146 LIII.
579 1101 795 1146 Arbores
822 1099 1070 1162 quaedam
1095 1099 1363 1161 simplices,
1383 1099 1561 1161 quibus
1588 1115 1618 1144 a
1642 1098 1812 1145 radice

339 1167 533 1213 caudex
560 1184 685 1212 unus
712 1174 764 1213 et
794 1169 918 1211 rami
944 1165 1251 1228 frequentes,
1277 1172 1334 1211 ut
1358 1165 1534 1220 olivae,
1565 1165 1673 1221 fico,
1697 1168 1813 1220 viti3

340 1234 589 1296 quaedam
614 1232 835 1279 fruticosi
864 1235 1079 1295 generis,
1104 1239 1161 1278 ut
1193 1232 1431 1296 paliurus,
1455 1239 1665 1295 myrtus,
1689 1234 1813 1278 item

338 1317 439 1345 nux
460 1300 704 1355 abellana,
725 1302 844 1362 quin
868 1303 1018 1344 immo
1043 1299 1218 1344 melior
1244 1305 1296 1344 et
1313 1301 1556 1362 copiosior
1574 1297 1740 1344 fructu
1762 1301 1813 1344 in

334 1366 502 1429 plures
533 1367 756 1430 dispersa
789 1383 967 1411 ramos.
1035 1365 1084 1410 hi
1117 1365 1414 1427 quibusdam
1445 1368 1645 1411 omnino
1677 1364 1815 1421 nulli,

237 1438 314 1477 122
338 1440 395 1479 ut
425 1437 476 1478 in
507 1433 652 1479 sato4
682 1449 868 1496 genere
900 1433 1052 1488 buxo,
1084 1432 1186 1478 loto
1217 1435 1595 1478 transmarinae.
1663 1448 1814 1494 quae-

334 1499 451 1546 dam
481 1499 702 1545 bifurcae
733 1507 886 1561 atque
918 1502 1073 1544 etiam
1101 1501 1152 1543 in
1183 1502 1358 1561 quinas
1385 1505 1556 1561 partes
1587 1497 1813 1554 diffusae,

335 1566 583 1628 quaedam
611 1566 842 1612 dividuae
872 1582 964 1611 nec
992 1582 1235 1621 ramosae,
1264 1572 1320 1610 ut
1348 1566 1535 1621 sabuci,
1563 1565 1811 1627 quaedam

334 1633 635 1688 individuae,
652 1649 895 1687 ramosae,
914 1640 969 1677 ut
984 1635 1177 1694 piceae.
1246 1631 1546 1694 quibusdam
1562 1648 1811 1677 ramorum

335 1700 472 1755 ordo,
499 1703 626 1745 sicut
651 1702 844 1762 piceae,
873 1699 1045 1754 abieti,
1074 1699 1193 1743 alias
1220 1698 1520 1754 inconditus,
1548 1705 1606 1744 ut
1633 1698 1814 1753 robori,

334 1766 481 1821 malo,
536 1769 657 1829 piro.
727 1772 779 1811 et
837 1766 991 1811 abieti
1048 1765 1253 1827 quidem
1308 1765 1541 1811 subrecta
1598 1764 1812 1810 divisura

398 1904 412 1927 1
443 1905 486 1943 in
506 1908 650 1943 totum
673 1903 869 1954 Mayhoff
883 1918 891 1942 :
923 1906 1067 1942 totum
1087 1907 1159 1941 aut
1178 1907 1288 1942 tota.

396 1957 410 1979 ²
440 1963 571 2008 atque
602 1987 612 1996 .
645 1987 654 1996 .
687 1987 696 1995 .
727 1962 946 1996 senectam
967 1956 1031 1995 hic
1050 1956 1290 1995 Rackham:
1322 1968 1455 2006 supra
1474 1960 1567 1994 ame
1586 1955 1696 1995 ideo.

394 2010 408 2032 3
440 2010 636 2061 ,Mayhoff
651 2010 751 2060 (ilex
773 2010 1002 2049 Pincianus
1023 2023 1041 2048 e
1063 2009 1311 2060 Theophra:
1344 2009 1484 2048 buxiis
1504 2009 1663 2060 (buxus
1684 2008 1808 2059 edd.).

395 2065 410 2087 ⁴
439 2063 659 2114 Mayhoff:
691 2076 782 2102 suo.

389 2292 407 2311 ⁰
434 2287 523 2326 The
547 2300 724 2338 passage
748 2288 782 2325 is
807 2287 960 2338 hardly
984 2286 1232 2337 intelligible
1256 2300 1302 2326 as
1326 2287 1361 2326 it
1385 2286 1549 2332 stands,
1574 2286 1661 2325 and
1685 2286 1720 2325 if
1740 2286 1814 2326 the

332 2345 428 2379 text
450 2342 484 2379 is
506 2345 583 2380 not
606 2345 793 2391 corrupt,
819 2342 852 2379 it
876 2353 976 2391 may
1001 2340 1052 2379 be
1076 2340 1349 2391 conjectured
1372 2339 1470 2379 that
1494 2340 1618 2392 Pliny
1641 2339 1715 2379 did
1737 2345 1814 2380 not

333 2394 598 2433 understand
618 2394 682 2432 his
702 2394 938 2445 authority.

390 2445 405 2470 ὁ
435 2447 524 2486 The
544 2447 661 2486 MSS.
683 2448 779 2498 give
801 2447 810 2463 ‘
830 2447 903 2486 the
925 2446 1149 2486 box-tree.’

390 2506 404 2524 ⁰
430 2501 661 2554 Crataegus
681 2502 716 2540 is
736 2500 948 2551 normally
969 2500 1043 2539 the
1064 2500 1201 2540 Greek
1223 2499 1288 2539 for
1307 2513 1332 2538 a
1354 2499 1630 2539 thorn-busli.

335 2575 424 2630 466
