1909 2998
216 1181 271 1220 96

221 1873 273 1912 97

555 217 798 264 PLINY:
864 214 1192 262 NATURAL
1237 213 1534 261 HISTORY

303 350 603 394 auctoritate
629 346 832 391 fuerunt
858 351 909 390 et
936 343 1000 389 ad
1024 360 1139 389 avos
1164 359 1322 405 usque
1348 349 1558 397 nostros,
1584 343 1704 403 quin
1729 347 1782 387 et

304 434 513 480 Falerno
548 435 648 478 iam
685 438 902 494 reperto,
941 433 1069 476 sicut
1104 436 1314 492 apparet
1359 445 1421 475 ex
1453 427 1536 474 illo
1568 427 1783 474 comici1

303 537 474 567 versu:

415 624 649 686 Quinque
672 622 819 669 Thasi
846 625 944 668 vini
968 622 1280 683 depromam,
1302 619 1421 666 bina
1446 619 1658 665 Falerni.

305 741 357 787 P.
397 741 612 786 Licinius
645 740 848 785 Crassus
887 738 943 784 L.
983 738 1136 783 Iulius
1172 737 1357 783 Caesar
1390 751 1619 783 censores
1654 751 1783 781 anno

304 828 436 874 urbis
457 827 688 873 conditae
716 841 864 872 DCLXV
888 825 1171 880 edixerunt,
1190 840 1246 870 ne
1264 823 1367 887 quis
1385 823 1537 869 vinum
1559 821 1783 868 Graecum

304 913 655 977 Aminniumque
685 912 836 976 pluris
856 912 874 941 2
899 911 1068 958 octonis
1101 910 1222 957 aeris
1251 910 1434 974 singula
1459 908 1784 973 quadrantalia

303 1000 510 1047 venderet
532 1020 547 1047 .·
594 999 718 1046 haee
748 1002 880 1045 enim
906 998 1058 1045 verba
1085 1005 1217 1044 sunt.
1285 1003 1431 1042 tanta
1449 1013 1565 1042 vero
1593 995 1784 1042 Graeco

304 1091 417 1133 vino
459 1090 625 1150 gratia
668 1093 777 1132 erat
821 1092 877 1131 ut
920 1084 1146 1147 singulae
1193 1086 1421 1145 potiones
1465 1085 1516 1128 in
1556 1085 1785 1129 convictu

303 1175 558 1220 darentur.
628 1172 793 1218 XVII.
831 1171 1024 1229 Quibus
1049 1174 1172 1217 vinis
1206 1173 1476 1217 auctoritas
1509 1169 1661 1215 fuerit
1696 1186 1785 1215 sua

303 1259 549 1316 iuventa,³
598 1259 671 1305 M.
716 1259 870 1304 Varro
911 1257 986 1304 his
1029 1258 1190 1303 verbis
1237 1256 1422 1303 tradit:
1473 1255 1529 1301 L.
1567 1255 1786 1302 Lucullus

298 1364 416 1411 puer
450 1345 574 1410 apud
602 1353 783 1409 patrem
818 1361 1065 1408 numquam
1102 1344 1273 1390 lautum
1309 1341 1559 1389 convivium
1593 1341 1705 1388 vidit
1738 1342 1785 1388 in

304 1450 393 1497 quo
412 1433 521 1496 plus
546 1432 685 1478 semel
710 1432 935 1477 Graecum
961 1431 1113 1477 vinum
1138 1429 1326 1475 daretur
1348 1449 1362 1476 .·
1409 1428 1507 1492 ipse
1530 1446 1629 1475 cum
1654 1428 1786 1475 rediit

303 1537 359 1566 ecc
384 1519 517 1573 Asia,
543 1518 671 1564 milia
695 1517 858 1564 cadum
884 1516 1167 1580 congiarium
1192 1515 1347 1562 divisit
1372 1514 1570 1578 amplius
1593 1522 1782 1562 centum.

309 1606 360 1654 C.
387 1605 584 1660 Sentius,
611 1622 742 1669 quem
762 1611 1020 1668 praetorem
1046 1602 1257 1658 vidimus,
1289 1601 1450 1649 Chium
1475 1601 1628 1648 vinum
1654 1618 1785 1648 suam

303 1693 483 1739 domum
522 1692 713 1738 inlatum
752 1690 927 1737 dicebat
961 1697 1053 1737 tum
1083 1689 1282 1753 primum
1318 1706 1418 1735 cum
1453 1688 1539 1735 sibi
1571 1688 1785 1735 cardiaco

305 1779 502 1826 medicus
526 1778 753 1825 dedisset:
792 1776 1069 1824 Hortensius
1095 1793 1232 1840 super
1261 1774 1291 1823 Ξ(
1316 1775 1478 1822 cadum
1503 1775 1658 1821 heredi
1681 1775 1785 1822 reli-

306 1867 417 1930 quit.
474 1866 718 1912 hactenus
736 1865 905 1911 Varro.
976 1863 1130 1926 quid?
1168 1879 1268 1909 non
1294 1870 1346 1909 et
1366 1862 1551 1908 Caesar
1570 1862 1786 1909 dictator

304 1952 544 2014 triumphi
574 1956 647 1998 sui
677 1968 802 1998 cena
831 1955 930 1997 vini
962 1950 1158 1996 Falerni
1188 1948 1470 2012 amphoras,
1500 1948 1610 1995 Chii
1636 1949 1784 1996 cados

305 2044 356 2087 in
391 2043 613 2086 convivia
649 2038 937 2084 distribuit?
993 2037 1128 2083 idem
1166 2036 1486 2099 Hispaniensi
1531 2034 1785 2098 triumpho

305 2126 485 2173 Chium
516 2133 569 2172 et
600 2125 866 2171 Falernum
896 2124 1055 2180 dedit,
1087 2123 1234 2186 epulo
1265 2140 1381 2169 vero
1411 2127 1463 2169 in
1490 2126 1643 2169 tertio
1672 2139 1785 2169 con-

306 2214 471 2259 sulatu
491 2229 579 2258 suo
602 2212 884 2266 Falernum,
905 2210 1104 2266 Chium,
1126 2210 1381 2265 Lesbium,
1405 2209 1786 2265 Mamertinum,

307 2316 404 2362 quo
433 2306 662 2361 tempore
692 2301 909 2361 primum
941 2304 1180 2360 quattuor
1209 2313 1398 2360 genera
1429 2299 1527 2343 vini
1557 2295 1785 2359 adposita

752 2426 767 2449 1
804 2425 837 2464 V
842 2424 881 2463 .l.
903 2424 1079 2463 comico.

751 2479 765 2501 2
796 2477 927 2528 pluris
947 2477 1041 2517 add.
1063 2476 1286 2516 Rackham.

751 2533 765 2555 ³
797 2530 994 2582 Maylzoff
1008 2546 1016 2570 ε
1048 2544 1125 2569 sua
1146 2531 1188 2569 in
1210 2542 1370 2569 mensa.

314 2624 400 2668 250
