<?xml version="1.0" encoding="UTF-8"?>
<!DOCTYPE html PUBLIC "-//W3C//DTD XHTML 1.0 Transitional//EN"
    "http://www.w3.org/TR/xhtml1/DTD/xhtml1-transitional.dtd">
<html xmlns="http://www.w3.org/1999/xhtml" xml:lang="en" lang="en">
 <head>
  <title>
</title>
<meta http-equiv="Content-Type" content="text/html;charset=utf-8" />
  <meta name='ocr-system' content='tesseract 3.04.00' />
  <meta name='ocr-capabilities' content='ocr_page ocr_carea ocr_par ocr_line ocrx_word'/>
</head>
<body>
  <div class='ocr_page' id='page_1' title='image "./naturalhistory04plinuoft/naturalhistory04plinuoft_0344.png"; bbox 0 0 1909 2998; ppageno 0'>
   <div class='ocr_carea' id='block_1_1' title="bbox 206 900 258 938">
    <p class='ocr_par' dir='ltr' id='par_1_1' title="bbox 206 900 258 938">
     <span class='ocr_line' id='line_1_1' title="bbox 206 900 258 938; baseline 0.019 -1"><span class='ocrx_word' id='word_1_1' title='bbox 206 900 258 938; x_wconf 79' lang='lat'>64</span> 
     </span>
    </p>
   </div>
   <div class='ocr_carea' id='block_1_2' title="bbox 203 1556 255 1593">
    <p class='ocr_par' dir='ltr' id='par_1_2' title="bbox 203 1556 255 1593">
     <span class='ocr_line' id='line_1_2' title="bbox 203 1556 255 1593; baseline 0 0"><span class='ocrx_word' id='word_1_2' title='bbox 203 1556 255 1593; x_wconf 83' lang='lat'>65</span> 
     </span>
    </p>
   </div>
   <div class='ocr_carea' id='block_1_3' title="bbox 202 2212 255 2250">
    <p class='ocr_par' dir='ltr' id='par_1_3' title="bbox 202 2212 255 2250">
     <span class='ocr_line' id='line_1_3' title="bbox 202 2212 255 2250; baseline 0.019 -1"><span class='ocrx_word' id='word_1_3' title='bbox 202 2212 255 2250; x_wconf 85' lang='lat'>66</span> 
     </span>
    </p>
   </div>
   <div class='ocr_carea' id='block_1_4' title="bbox 544 203 1521 251">
    <p class='ocr_par' dir='ltr' id='par_1_4' title="bbox 544 203 1521 251">
     <span class='ocr_line' id='line_1_4' title="bbox 544 203 1521 251; baseline 0 -1"><span class='ocrx_word' id='word_1_4' title='bbox 544 206 788 251; x_wconf 83' lang='lat' dir='ltr'>PLINY:</span> <span class='ocrx_word' id='word_1_5' title='bbox 852 205 1180 250; x_wconf 84' lang='lat' dir='ltr'><strong>NATURAL</strong></span> <span class='ocrx_word' id='word_1_6' title='bbox 1225 203 1521 251; x_wconf 88' lang='lat' dir='ltr'>HISTORY</span> 
     </span>
    </p>
   </div>
   <div class='ocr_carea' id='block_1_5' title="bbox 284 329 1769 2358">
    <p class='ocr_par' dir='ltr' id='par_1_5' title="bbox 284 329 1769 2358">
     <span class='ocr_line' id='line_1_5' title="bbox 290 329 1767 394; baseline 0 -16"><span class='ocrx_word' id='word_1_7' title='bbox 290 333 454 379; x_wconf 89' lang='lat' dir='ltr'>scillae</span> <span class='ocrx_word' id='word_1_8' title='bbox 493 333 654 378; x_wconf 86' lang='lat' dir='ltr'>infixis</span> <span class='ocrx_word' id='word_1_9' title='bbox 694 335 963 394; x_wconf 72' lang='lat' dir='ltr'><strong>utrimque,</strong></span> <span class='ocrx_word' id='word_1_10' title='bbox 1002 331 1084 376; x_wconf 88' lang='lat' dir='ltr'>alii</span> <span class='ocrx_word' id='word_1_11' title='bbox 1123 334 1278 377; x_wconf 86' lang='lat' dir='ltr'>etiam</span> <span class='ocrx_word' id='word_1_12' title='bbox 1316 334 1431 376; x_wconf 89' lang='lat' dir='ltr'>vina</span> <span class='ocrx_word' id='word_1_13' title='bbox 1467 329 1767 378; x_wconf 80' lang='lat' dir='ltr'><strong>habentibus</strong></span> 
     </span>
     <span class='ocr_line' id='line_1_6' title="bbox 290 424 1767 487; baseline -0.001 -15"><span class='ocrx_word' id='word_1_14' title='bbox 290 425 449 481; x_wconf 89' lang='lat' dir='ltr'>doliis,</span> <span class='ocrx_word' id='word_1_15' title='bbox 487 426 606 472; x_wconf 93' lang='lat' dir='ltr'>dum</span> <span class='ocrx_word' id='word_1_16' title='bbox 644 442 707 471; x_wconf 93' lang='lat' dir='ltr'>ne</span> <span class='ocrx_word' id='word_1_17' title='bbox 746 428 1043 487; x_wconf 81' lang='lat' dir='ltr'>contingant</span> <span class='ocrx_word' id='word_1_18' title='bbox 1082 441 1143 470; x_wconf 89' lang='lat' dir='ltr'>ea</span> <span class='ocrx_word' id='word_1_19' title='bbox 1182 441 1325 480; x_wconf 90' lang='lat' dir='ltr'>uvae,</span> <span class='ocrx_word' id='word_1_20' title='bbox 1364 424 1514 486; x_wconf 86' lang='lat' dir='ltr'>aliqui</span> <span class='ocrx_word' id='word_1_21' title='bbox 1551 425 1682 470; x_wconf 89' lang='lat' dir='ltr'>mala</span> <span class='ocrx_word' id='word_1_22' title='bbox 1717 427 1767 470; x_wconf 93' lang='lat' dir='ltr'>in</span> 
     </span>
     <span class='ocr_line' id='line_1_7' title="bbox 289 518 1768 583; baseline 0 -19"><span class='ocrx_word' id='word_1_23' title='bbox 289 522 472 583; x_wconf 83' lang='lat' dir='ltr'>patinis</span> <span class='ocrx_word' id='word_1_24' title='bbox 494 518 725 564; x_wconf 88' lang='lat' dir='ltr'>fictilibus</span> <span class='ocrx_word' id='word_1_25' title='bbox 746 518 1014 573; x_wconf 85' lang='lat' dir='ltr'>fluitantia,</span> <span class='ocrx_word' id='word_1_26' title='bbox 1036 534 1133 580; x_wconf 90' lang='lat' dir='ltr'>quo</span> <span class='ocrx_word' id='word_1_27' title='bbox 1153 534 1340 580; x_wconf 84' lang='lat' dir='ltr'><strong>genere</strong></span> <span class='ocrx_word' id='word_1_28' title='bbox 1362 525 1414 563; x_wconf 89' lang='lat' dir='ltr'>et</span> <span class='ocrx_word' id='word_1_29' title='bbox 1434 520 1545 563; x_wconf 92' lang='lat' dir='ltr'>vino</span> <span class='ocrx_word' id='word_1_30' title='bbox 1565 518 1768 564; x_wconf 90' lang='lat' dir='ltr'>odorem</span> 
     </span>
     <span class='ocr_line' id='line_1_8' title="bbox 291 609 1767 676; baseline -0.001 -18"><span class='ocrx_word' id='word_1_31' title='bbox 291 613 482 675; x_wconf 86' lang='lat' dir='ltr'>adquiri</span> <span class='ocrx_word' id='word_1_32' title='bbox 515 619 715 676; x_wconf 86' lang='lat' dir='ltr'>putant.</span> <span class='ocrx_word' id='word_1_33' title='bbox 785 611 936 674; x_wconf 84' lang='lat' dir='ltr'>aliqui</span> <span class='ocrx_word' id='word_1_34' title='bbox 972 614 1139 656; x_wconf 89' lang='lat' dir='ltr'>omnia</span> <span class='ocrx_word' id='word_1_35' title='bbox 1173 609 1298 657; x_wconf 90' lang='lat' dir='ltr'>haec</span> <span class='ocrx_word' id='word_1_36' title='bbox 1332 613 1382 656; x_wconf 89' lang='lat' dir='ltr'>in</span> <span class='ocrx_word' id='word_1_37' title='bbox 1417 610 1552 657; x_wconf 89' lang='lat' dir='ltr'>milio</span> <span class='ocrx_word' id='word_1_38' title='bbox 1586 615 1767 657; x_wconf 86' lang='lat' dir='ltr'>servari</span> 
     </span>
     <span class='ocr_line' id='line_1_9' title="bbox 290 704 1769 769; baseline 0 -18"><span class='ocrx_word' id='word_1_39' title='bbox 290 706 500 762; x_wconf 88' lang='lat' dir='ltr'>malunt,</span> <span class='ocrx_word' id='word_1_40' title='bbox 518 705 744 769; x_wconf 88' lang='lat' dir='ltr'><strong>plerique</strong></span> <span class='ocrx_word' id='word_1_41' title='bbox 764 721 881 751; x_wconf 91' lang='lat' dir='ltr'>vero</span> <span class='ocrx_word' id='word_1_42' title='bbox 901 707 951 750; x_wconf 92' lang='lat' dir='ltr'>in</span> <span class='ocrx_word' id='word_1_43' title='bbox 972 705 1145 751; x_wconf 84' lang='lat' dir='ltr'><strong>scrobe</strong></span> <span class='ocrx_word' id='word_1_44' title='bbox 1167 704 1321 750; x_wconf 89' lang='lat' dir='ltr'>duum</span> <span class='ocrx_word' id='word_1_45' title='bbox 1339 704 1528 768; x_wconf 89' lang='lat' dir='ltr'>pedum</span> <span class='ocrx_word' id='word_1_46' title='bbox 1548 704 1769 751; x_wconf 87' lang='lat' dir='ltr'>altitudi-</span> 
     </span>
     <span class='ocr_line' id='line_1_10' title="bbox 290 797 1768 861; baseline 0 -17"><span class='ocrx_word' id='word_1_47' title='bbox 290 803 363 845; x_wconf 86' lang='lat' dir='ltr'>nis</span> <span class='ocrx_word' id='word_1_48' title='bbox 402 798 589 845; x_wconf 80' lang='lat' dir='ltr'><strong>harena</strong></span> <span class='ocrx_word' id='word_1_49' title='bbox 628 799 880 845; x_wconf 87' lang='lat' dir='ltr'>substrato</span> <span class='ocrx_word' id='word_1_50' title='bbox 920 804 973 843; x_wconf 86' lang='lat' dir='ltr'>et</span> <span class='ocrx_word' id='word_1_51' title='bbox 1013 797 1152 844; x_wconf 87' lang='lat' dir='ltr'>fictili</span> <span class='ocrx_word' id='word_1_52' title='bbox 1191 797 1440 861; x_wconf 90' lang='lat' dir='ltr'>operculo,</span> <span class='ocrx_word' id='word_1_53' title='bbox 1479 797 1596 844; x_wconf 91' lang='lat' dir='ltr'>dein</span> <span class='ocrx_word' id='word_1_54' title='bbox 1633 805 1768 844; x_wconf 87' lang='lat' dir='ltr'>terra</span> 
     </span>
     <span class='ocr_line' id='line_1_11' title="bbox 290 891 1768 956; baseline -0.001 -17"><span class='ocrx_word' id='word_1_55' title='bbox 290 900 480 956; x_wconf 85' lang='lat' dir='ltr'>operto.</span> <span class='ocrx_word' id='word_1_56' title='bbox 548 899 687 938; x_wconf 82' lang='lat' dir='ltr'>creta</span> <span class='ocrx_word' id='word_1_57' title='bbox 731 892 934 955; x_wconf 91' lang='lat' dir='ltr'>quidam</span> <span class='ocrx_word' id='word_1_58' title='bbox 979 891 1149 954; x_wconf 83' lang='lat' dir='ltr'>figlina</span> <span class='ocrx_word' id='word_1_59' title='bbox 1193 894 1347 937; x_wconf 85' lang='lat' dir='ltr'>etiam</span> <span class='ocrx_word' id='word_1_60' title='bbox 1391 907 1511 937; x_wconf 88' lang='lat' dir='ltr'>uvas</span> <span class='ocrx_word' id='word_1_61' title='bbox 1554 891 1768 938; x_wconf 80' lang='lat' dir='ltr'>inlinunt</span> 
     </span>
     <span class='ocr_line' id='line_1_12' title="bbox 288 984 1766 1049; baseline 0 -17"><span class='ocrx_word' id='word_1_62' title='bbox 288 990 571 1049; x_wconf 89' lang='lat' dir='ltr'>siccataque</span> <span class='ocrx_word' id='word_1_63' title='bbox 597 986 699 1031; x_wconf 91' lang='lat' dir='ltr'>sole</span> <span class='ocrx_word' id='word_1_64' title='bbox 728 985 1058 1048; x_wconf 88' lang='lat' dir='ltr'>suspendunt,</span> <span class='ocrx_word' id='word_1_65' title='bbox 1086 987 1137 1030; x_wconf 93' lang='lat' dir='ltr'>in</span> <span class='ocrx_word' id='word_1_66' title='bbox 1165 1001 1258 1031; x_wconf 91' lang='lat' dir='ltr'>usu</span> <span class='ocrx_word' id='word_1_67' title='bbox 1284 984 1534 1031; x_wconf 76' lang='lat' dir='ltr'>diluentes</span> <span class='ocrx_word' id='word_1_68' title='bbox 1561 991 1766 1032; x_wconf 73' lang='lat' dir='ltr'>cretam,</span> 
     </span>
     <span class='ocr_line' id='line_1_13' title="bbox 290 1077 1769 1143; baseline 0 -18"><span class='ocrx_word' id='word_1_69' title='bbox 290 1080 504 1126; x_wconf 89' lang='lat' dir='ltr'>eandem</span> <span class='ocrx_word' id='word_1_70' title='bbox 543 1082 703 1143; x_wconf 89' lang='lat' dir='ltr'>pomis</span> <span class='ocrx_word' id='word_1_71' title='bbox 745 1081 859 1125; x_wconf 91' lang='lat' dir='ltr'>vino</span> <span class='ocrx_word' id='word_1_72' title='bbox 901 1079 1156 1140; x_wconf 84' lang='lat' dir='ltr'>subigunt.</span> <span class='ocrx_word' id='word_1_73' title='bbox 1229 1077 1362 1123; x_wconf 88' lang='lat' dir='ltr'>mala</span> <span class='ocrx_word' id='word_1_74' title='bbox 1403 1094 1519 1124; x_wconf 93' lang='lat' dir='ltr'>vero</span> <span class='ocrx_word' id='word_1_75' title='bbox 1560 1095 1769 1141; x_wconf 84' lang='lat' dir='ltr'>genero-</span> 
     </span>
     <span class='ocr_line' id='line_1_14' title="bbox 287 1171 1767 1240; baseline -0.001 -21"><span class='ocrx_word' id='word_1_76' title='bbox 287 1176 478 1220; x_wconf 86' lang='lat' dir='ltr'>sissima</span> <span class='ocrx_word' id='word_1_77' title='bbox 505 1173 685 1219; x_wconf 87' lang='lat' dir='ltr'>eadem</span> <span class='ocrx_word' id='word_1_78' title='bbox 711 1175 906 1218; x_wconf 84' lang='lat' dir='ltr'>ratione</span> <span class='ocrx_word' id='word_1_79' title='bbox 935 1179 1162 1218; x_wconf 87' lang='lat' dir='ltr'>crustant</span> <span class='ocrx_word' id='word_1_80' title='bbox 1190 1188 1349 1235; x_wconf 86' lang='lat' dir='ltr'>gypso</span> <span class='ocrx_word' id='word_1_81' title='bbox 1376 1171 1455 1218; x_wconf 89' lang='lat' dir='ltr'>vel</span> <span class='ocrx_word' id='word_1_82' title='bbox 1480 1188 1611 1228; x_wconf 89' lang='lat' dir='ltr'>cera,</span> <span class='ocrx_word' id='word_1_83' title='bbox 1639 1189 1767 1240; x_wconf 82' lang='lat' dir='ltr'>quae</span> 
     </span>
     <span class='ocr_line' id='line_1_15' title="bbox 287 1265 1768 1329; baseline 0 -17"><span class='ocrx_word' id='word_1_84' title='bbox 287 1270 379 1312; x_wconf 92' lang='lat' dir='ltr'>nisi</span> <span class='ocrx_word' id='word_1_85' title='bbox 444 1269 807 1312; x_wconf 75' lang='lat' dir='ltr'>maturaverint</span> <span class='ocrx_word' id='word_1_86' title='bbox 871 1268 1183 1311; x_wconf 89' lang='lat' dir='ltr'>incremento</span> <span class='ocrx_word' id='word_1_87' title='bbox 1248 1265 1436 1311; x_wconf 81' lang='lat' dir='ltr'>calcem</span> <span class='ocrx_word' id='word_1_88' title='bbox 1502 1273 1768 1329; x_wconf 80' lang='lat' dir='ltr'>rumpunt3</span> 
     </span>
     <span class='ocr_line' id='line_1_16' title="bbox 287 1358 1769 1424; baseline -0.001 -18"><span class='ocrx_word' id='word_1_89' title='bbox 287 1377 485 1424; x_wconf 87' lang='lat' dir='ltr'><strong>semper</strong></span> <span class='ocrx_word' id='word_1_90' title='bbox 524 1367 695 1406; x_wconf 90' lang='lat' dir='ltr'>autem</span> <span class='ocrx_word' id='word_1_91' title='bbox 734 1362 784 1404; x_wconf 91' lang='lat' dir='ltr'>in</span> <span class='ocrx_word' id='word_1_92' title='bbox 822 1359 1078 1423; x_wconf 82' lang='lat' dir='ltr'>pediculos</span> <span class='ocrx_word' id='word_1_93' title='bbox 1117 1358 1381 1404; x_wconf 84' lang='lat' dir='ltr'>conlocant</span> <span class='ocrx_word' id='word_1_94' title='bbox 1420 1375 1495 1405; x_wconf 90' lang='lat' dir='ltr'>ea.</span> <span class='ocrx_word' id='word_1_95' title='bbox 1564 1358 1644 1404; x_wconf 91' lang='lat' dir='ltr'>alii</span> <span class='ocrx_word' id='word_1_96' title='bbox 1683 1359 1769 1405; x_wconf 87' lang='lat' dir='ltr'>de-</span> 
     </span>
     <span class='ocr_line' id='line_1_17' title="bbox 286 1451 1767 1517; baseline -0.001 -17"><span class='ocrx_word' id='word_1_97' title='bbox 286 1461 499 1517; x_wconf 83' lang='lat' dir='ltr'>cerpunt</span> <span class='ocrx_word' id='word_1_98' title='bbox 544 1471 657 1499; x_wconf 91' lang='lat' dir='ltr'>cum</span> <span class='ocrx_word' id='word_1_99' title='bbox 704 1452 907 1498; x_wconf 88' lang='lat' dir='ltr'>surculis</span> <span class='ocrx_word' id='word_1_100' title='bbox 955 1469 1139 1514; x_wconf 91' lang='lat' dir='ltr'>eosque</span> <span class='ocrx_word' id='word_1_101' title='bbox 1187 1455 1238 1498; x_wconf 92' lang='lat' dir='ltr'>in</span> <span class='ocrx_word' id='word_1_102' title='bbox 1282 1451 1554 1498; x_wconf 88' lang='lat' dir='ltr'>medullam</span> <span class='ocrx_word' id='word_1_103' title='bbox 1599 1453 1767 1499; x_wconf 82' lang='lat' dir='ltr'>sabuci</span> 
     </span>
     <span class='ocr_line' id='line_1_18' title="bbox 289 1545 1768 1610; baseline -0.001 -17"><span class='ocrx_word' id='word_1_104' title='bbox 289 1548 485 1594; x_wconf 87' lang='lat' dir='ltr'>abditos</span> <span class='ocrx_word' id='word_1_105' title='bbox 523 1548 740 1593; x_wconf 87' lang='lat' dir='ltr'>obruunt</span> <span class='ocrx_word' id='word_1_106' title='bbox 777 1554 833 1592; x_wconf 90' lang='lat' dir='ltr'>ut</span> <span class='ocrx_word' id='word_1_107' title='bbox 870 1563 1018 1610; x_wconf 91' lang='lat' dir='ltr'>supra</span> <span class='ocrx_word' id='word_1_108' title='bbox 1053 1549 1295 1610; x_wconf 88' lang='lat' dir='ltr'>scriptum</span> <span class='ocrx_word' id='word_1_109' title='bbox 1326 1553 1417 1592; x_wconf 87' lang='lat' dir='ltr'>est.</span> <span class='ocrx_word' id='word_1_110' title='bbox 1487 1545 1566 1591; x_wconf 91' lang='lat' dir='ltr'>alii</span> <span class='ocrx_word' id='word_1_111' title='bbox 1603 1549 1768 1609; x_wconf 85' lang='lat' dir='ltr'>singu-</span> 
     </span>
     <span class='ocr_line' id='line_1_19' title="bbox 286 1639 1767 1704; baseline -0.001 -17"><span class='ocrx_word' id='word_1_112' title='bbox 286 1642 343 1687; x_wconf 92' lang='lat' dir='ltr'>lis</span> <span class='ocrx_word' id='word_1_113' title='bbox 381 1642 521 1687; x_wconf 89' lang='lat' dir='ltr'>malis</span> <span class='ocrx_word' id='word_1_114' title='bbox 557 1644 776 1704; x_wconf 90' lang='lat' dir='ltr'>pirisque</span> <span class='ocrx_word' id='word_1_115' title='bbox 815 1640 1009 1703; x_wconf 88' lang='lat' dir='ltr'>singula</span> <span class='ocrx_word' id='word_1_116' title='bbox 1047 1657 1164 1686; x_wconf 86' lang='lat' dir='ltr'>vasa</span> <span class='ocrx_word' id='word_1_117' title='bbox 1203 1639 1373 1685; x_wconf 85' lang='lat' dir='ltr'>fictilia</span> <span class='ocrx_word' id='word_1_118' title='bbox 1411 1639 1677 1703; x_wconf 80' lang='lat' dir='ltr'>adsignant</span> <span class='ocrx_word' id='word_1_119' title='bbox 1715 1647 1767 1686; x_wconf 90' lang='lat' dir='ltr'>et</span> 
     </span>
     <span class='ocr_line' id='line_1_20' title="bbox 287 1733 1767 1799; baseline -0.001 -18"><span class='ocrx_word' id='word_1_120' title='bbox 287 1735 518 1799; x_wconf 86' lang='lat' dir='ltr'>operculo</span> <span class='ocrx_word' id='word_1_121' title='bbox 555 1751 726 1781; x_wconf 91' lang='lat' dir='ltr'>eorum</span> <span class='ocrx_word' id='word_1_122' title='bbox 760 1737 931 1797; x_wconf 89' lang='lat' dir='ltr'>picato</span> <span class='ocrx_word' id='word_1_123' title='bbox 951 1733 969 1762; x_wconf 85' lang='lat'>1</span> <span class='ocrx_word' id='word_1_124' title='bbox 1006 1734 1138 1780; x_wconf 92' lang='lat' dir='ltr'>dolio</span> <span class='ocrx_word' id='word_1_125' title='bbox 1162 1736 1346 1779; x_wconf 84' lang='lat' dir='ltr'>iterum</span> <span class='ocrx_word' id='word_1_126' title='bbox 1371 1733 1648 1789; x_wconf 86' lang='lat' dir='ltr'>includunt,</span> <span class='ocrx_word' id='word_1_127' title='bbox 1675 1750 1767 1780; x_wconf 90' lang='lat' dir='ltr'>nec</span> 
     </span>
     <span class='ocr_line' id='line_1_21' title="bbox 288 1826 1767 1891; baseline -0.002 -16"><span class='ocrx_word' id='word_1_128' title='bbox 288 1846 385 1875; x_wconf 92' lang='lat' dir='ltr'>non</span> <span class='ocrx_word' id='word_1_129' title='bbox 417 1829 565 1891; x_wconf 85' lang='lat' dir='ltr'>aliqui</span> <span class='ocrx_word' id='word_1_130' title='bbox 597 1832 646 1874; x_wconf 92' lang='lat' dir='ltr'>in</span> <span class='ocrx_word' id='word_1_131' title='bbox 671 1827 834 1873; x_wconf 87' lang='lat' dir='ltr'>floccis</span> <span class='ocrx_word' id='word_1_132' title='bbox 859 1831 1120 1891; x_wconf 86' lang='lat' dir='ltr'>capsisque</span> <span class='ocrx_word' id='word_1_133' title='bbox 1147 1844 1269 1890; x_wconf 87' lang='lat' dir='ltr'>quas</span> <span class='ocrx_word' id='word_1_134' title='bbox 1294 1827 1401 1873; x_wconf 90' lang='lat' dir='ltr'>luto</span> <span class='ocrx_word' id='word_1_135' title='bbox 1433 1826 1636 1891; x_wconf 80' lang='lat' dir='ltr'>paleato</span> <span class='ocrx_word' id='word_1_136' title='bbox 1661 1827 1767 1873; x_wconf 91' lang='lat' dir='ltr'>inli—</span> 
     </span>
     <span class='ocr_line' id='line_1_22' title="bbox 287 1920 1766 1984; baseline -0.001 -15"><span class='ocrx_word' id='word_1_137' title='bbox 287 1930 430 1978; x_wconf 84' lang='lat' dir='ltr'>nunt,</span> <span class='ocrx_word' id='word_1_138' title='bbox 459 1923 539 1968; x_wconf 89' lang='lat' dir='ltr'>alii</span> <span class='ocrx_word' id='word_1_139' title='bbox 568 1922 660 1968; x_wconf 89' lang='lat' dir='ltr'>hoc</span> <span class='ocrx_word' id='word_1_140' title='bbox 698 1922 833 1968; x_wconf 87' lang='lat' dir='ltr'>idem</span> <span class='ocrx_word' id='word_1_141' title='bbox 861 1924 911 1967; x_wconf 90' lang='lat' dir='ltr'>in</span> <span class='ocrx_word' id='word_1_142' title='bbox 937 1924 1122 1984; x_wconf 86' lang='lat' dir='ltr'>patinis</span> <span class='ocrx_word' id='word_1_143' title='bbox 1162 1920 1412 1976; x_wconf 84' lang='lat' dir='ltr'>fictilibus,</span> <span class='ocrx_word' id='word_1_144' title='bbox 1441 1920 1591 1983; x_wconf 77' lang='lat' dir='ltr'>aliqui</span> <span class='ocrx_word' id='word_1_145' title='bbox 1628 1928 1682 1967; x_wconf 85' lang='lat' dir='ltr'>et</span> <span class='ocrx_word' id='word_1_146' title='bbox 1716 1924 1766 1967; x_wconf 89' lang='lat' dir='ltr'>in</span> 
     </span>
     <span class='ocr_line' id='line_1_23' title="bbox 285 2015 1762 2077; baseline -0.001 -15"><span class='ocrx_word' id='word_1_147' title='bbox 285 2018 456 2063; x_wconf 91' lang='lat' dir='ltr'>scrobe</span> <span class='ocrx_word' id='word_1_148' title='bbox 483 2017 711 2062; x_wconf 87' lang='lat' dir='ltr'>subiecta</span> <span class='ocrx_word' id='word_1_149' title='bbox 736 2015 940 2071; x_wconf 87' lang='lat' dir='ltr'>harena,</span> <span class='ocrx_word' id='word_1_150' title='bbox 967 2018 1039 2061; x_wconf 87' lang='lat' dir='ltr'>ita</span> <span class='ocrx_word' id='word_1_151' title='bbox 1064 2018 1195 2060; x_wconf 88' lang='lat' dir='ltr'>sicca</span> <span class='ocrx_word' id='word_1_152' title='bbox 1218 2017 1451 2077; x_wconf 90' lang='lat' dir='ltr'>operiunt</span> <span class='ocrx_word' id='word_1_153' title='bbox 1475 2031 1591 2060; x_wconf 88' lang='lat' dir='ltr'>mox</span> <span class='ocrx_word' id='word_1_154' title='bbox 1614 2021 1762 2061; x_wconf 88' lang='lat' dir='ltr'>terra.</span> 
     </span>
     <span class='ocr_line' id='line_1_24' title="bbox 286 2107 1763 2172; baseline -0.001 -16"><span class='ocrx_word' id='word_1_155' title='bbox 286 2117 401 2156; x_wconf 88' lang='lat' dir='ltr'>sunt</span> <span class='ocrx_word' id='word_1_156' title='bbox 422 2113 505 2172; x_wconf 90' lang='lat' dir='ltr'>qui</span> <span class='ocrx_word' id='word_1_157' title='bbox 524 2117 737 2155; x_wconf 87' lang='lat' dir='ltr'>cotonea</span> <span class='ocrx_word' id='word_1_158' title='bbox 756 2125 872 2154; x_wconf 90' lang='lat' dir='ltr'>cera</span> <span class='ocrx_word' id='word_1_159' title='bbox 892 2107 1101 2154; x_wconf 83' lang='lat' dir='ltr'>Pontica</span> <span class='ocrx_word' id='word_1_160' title='bbox 1121 2108 1262 2153; x_wconf 89' lang='lat' dir='ltr'>inlita</span> <span class='ocrx_word' id='word_1_161' title='bbox 1282 2107 1429 2153; x_wconf 91' lang='lat' dir='ltr'>melle</span> <span class='ocrx_word' id='word_1_162' title='bbox 1450 2107 1763 2171; x_wconf 79' lang='lat' dir='ltr'>demergant.</span> 
     </span>
     <span class='ocr_line' id='line_1_25' title="bbox 288 2202 1764 2264; baseline -0.002 -15"><span class='ocrx_word' id='word_1_163' title='bbox 288 2203 559 2249; x_wconf 85' lang='lat' dir='ltr'>Columella</span> <span class='ocrx_word' id='word_1_164' title='bbox 605 2210 777 2248; x_wconf 88' lang='lat' dir='ltr'>auctor</span> <span class='ocrx_word' id='word_1_165' title='bbox 821 2209 898 2247; x_wconf 87' lang='lat' dir='ltr'>est</span> <span class='ocrx_word' id='word_1_166' title='bbox 943 2205 992 2247; x_wconf 89' lang='lat' dir='ltr'>in</span> <span class='ocrx_word' id='word_1_167' title='bbox 1035 2208 1216 2264; x_wconf 87' lang='lat' dir='ltr'>puteos</span> <span class='ocrx_word' id='word_1_168' title='bbox 1260 2204 1562 2247; x_wconf 83' lang='lat' dir='ltr'>cisternasve</span> <span class='ocrx_word' id='word_1_169' title='bbox 1609 2202 1764 2247; x_wconf 86' lang='lat' dir='ltr'>uvas2</span> 
     </span>
     <span class='ocr_line' id='line_1_26' title="bbox 284 2293 1761 2358; baseline -0.001 -16"><span class='ocrx_word' id='word_1_170' title='bbox 284 2300 335 2343; x_wconf 88' lang='lat' dir='ltr'>in</span> <span class='ocrx_word' id='word_1_171' title='bbox 377 2296 607 2342; x_wconf 85' lang='lat' dir='ltr'>fictilibus</span> <span class='ocrx_word' id='word_1_172' title='bbox 649 2299 775 2342; x_wconf 90' lang='lat' dir='ltr'>vasis</span> <span class='ocrx_word' id='word_1_173' title='bbox 814 2298 927 2358; x_wconf 89' lang='lat' dir='ltr'>pice</span> <span class='ocrx_word' id='word_1_174' title='bbox 970 2294 1199 2357; x_wconf 83' lang='lat' dir='ltr'>diligenti</span> <span class='ocrx_word' id='word_1_175' title='bbox 1241 2311 1357 2340; x_wconf 89' lang='lat' dir='ltr'>cura</span> <span class='ocrx_word' id='word_1_176' title='bbox 1398 2293 1549 2340; x_wconf 83' lang='lat' dir='ltr'>inlitis</span> <span class='ocrx_word' id='word_1_177' title='bbox 1590 2297 1761 2357; x_wconf 87' lang='lat' dir='ltr'>mergi.</span> 
     </span>
    </p>
   </div>
   <div class='ocr_carea' id='block_1_6' title="bbox 620 2448 1481 2553">
    <p class='ocr_par' dir='ltr' id='par_1_6' title="bbox 620 2448 1481 2553">
     <span class='ocr_line' id='line_1_27' title="bbox 623 2448 1481 2499; baseline 0 -11"><span class='ocrx_word' id='word_1_178' title='bbox 623 2451 637 2474; x_wconf 81' lang='lat'>¹</span> <span class='ocrx_word' id='word_1_179' title='bbox 668 2449 837 2488; x_wconf 80' lang='lat' dir='ltr'>Dalec.:</span> <span class='ocrx_word' id='word_1_180' title='bbox 869 2448 1116 2499; x_wconf 82' lang='lat' dir='ltr'>operculum</span> <span class='ocrx_word' id='word_1_181' title='bbox 1147 2478 1156 2487; x_wconf 89' lang='lat'><strong>.</strong></span> <span class='ocrx_word' id='word_1_182' title='bbox 1190 2478 1200 2488; x_wconf 91' lang='lat'><strong>.</strong></span> <span class='ocrx_word' id='word_1_183' title='bbox 1233 2477 1242 2487; x_wconf 93' lang='lat'><strong>.</strong></span> <span class='ocrx_word' id='word_1_184' title='bbox 1273 2449 1481 2498; x_wconf 76' lang='lat' dir='ltr'>picatum.</span> 
     </span>
     <span class='ocr_line' id='line_1_28' title="bbox 620 2501 1113 2553; baseline -0.002 -11"><span class='ocrx_word' id='word_1_185' title='bbox 620 2503 635 2527; x_wconf 89' lang='lat'><strong>²</strong></span> <span class='ocrx_word' id='word_1_186' title='bbox 665 2516 772 2542; x_wconf 83' lang='lat' dir='ltr'>uvas</span> <span class='ocrx_word' id='word_1_187' title='bbox 791 2501 884 2541; x_wconf 80' lang='lat' dir='ltr'>add.</span> <span class='ocrx_word' id='word_1_188' title='bbox 910 2501 1113 2553; x_wconf 78' lang='lat' dir='ltr'>Mayhoff.</span> 
     </span>
    </p>
   </div>
   <div class='ocr_carea' id='block_1_7' title="bbox 283 2604 369 2650">
    <p class='ocr_par' dir='ltr' id='par_1_7' title="bbox 283 2604 369 2650">
     <span class='ocr_line' id='line_1_29' title="bbox 283 2604 369 2650; baseline 0 0"><span class='ocrx_word' id='word_1_189' title='bbox 283 2604 369 2650; x_wconf 82' lang='lat'>332</span> 
     </span>
    </p>
   </div>
  </div>
 </body>
</html>
