1925 2998
579 211 825 258 PLINYz
889 211 1220 258 NATURAL
1264 210 1561 258 HISTORY

332 357 530 402 quoque
557 356 656 385 non
682 342 897 402 ingrata,
922 338 1012 384 sed
1036 341 1254 385 maxime
1282 338 1382 384 fida
1405 342 1463 384 iis
1490 355 1619 401 quae
1644 346 1810 386 teran-

329 421 428 468 tur,
451 420 508 459 ut
530 419 751 458 rotarum
774 413 968 467 axibus,
991 412 1054 457 ad
1077 428 1199 473 quos
1222 411 1417 458 lentore
1440 411 1662 459 fraxinus
1683 416 1811 459 sicut

226 491 305 532 230
330 486 514 532 duritia
543 485 643 531 ilex
675 493 727 531 et
758 492 972 547 utroque
1004 484 1190 547 legitur
1219 485 1396 531 ulmus.
1465 493 1582 531 sunt
1611 502 1728 532 vero
1759 493 1812 532 et

221 1298 296 1337 231

330 562 467 620 parvi
529 575 644 604 usus
697 557 948 603 fabrilium
1009 560 1415 613 ministeriorum,
1477 561 1772 621 insigneque
1792 558 1812 588 1

329 632 582 694 proditum
621 631 832 677 terebris
871 633 1079 694 vaginas
1120 647 1183 677 ex
1223 630 1454 686 oleastrO,
1492 632 1645 687 buxo,
1683 631 1812 688 ilice,

332 705 481 760 ulmo,
526 703 720 750 fraxino
766 704 1050 750 utilissimas
1097 703 1219 759 fieri,
1262 721 1324 750 ex
1369 704 1547 750 iisdem
1591 704 1812 760 malleos,

330 782 642 840 maioresque
676 795 702 824 e
735 781 857 839 pinu
889 785 942 824 et
972 777 1099 823 ilice.
1169 784 1222 823 et
1253 776 1327 824 his
1360 784 1532 823 autem
1562 781 1719 824 maior
1748 778 1812 824 ad

332 852 623 898 firmitatem
658 868 808 897 causa
843 853 1178 912 tempestivae
1208 867 1444 897 caesurae
1476 867 1627 913 quam
1655 855 1814 898 inma-

330 932 493 980 turae,
521 928 706 986 quippe
734 941 847 970 cum
876 941 938 970 ex
966 924 1093 979 olea,
1121 924 1382 970 durissimo
1408 924 1560 987 ligno,
1586 925 1812 971 cardines

330 1001 380 1043 in
424 997 610 1044 foribus
655 997 842 1044 diutius
887 1000 1082 1043 immoti
1125 997 1330 1059 plantae
1374 997 1524 1043 modo
1566 1001 1813 1061 germina-

329 1074 506 1117 verint.
592 1070 718 1117 Cato
776 1077 946 1117 vectes
1019 1069 1297 1132 aquifolios,
1354 1070 1566 1127 laureos,
1623 1071 1812 1117 ulmeos

330 1144 437 1190 fieri
491 1145 649 1199 iubet,
708 1144 938 1207 Hyginus
994 1144 1258 1189 manubria
1312 1146 1507 1189 rusticis
1563 1148 1813 1207 carpinea,

329 1218 499 1280 iligna,
522 1234 709 1263 cerrea.

389 1290 532 1348 Quae
566 1294 617 1336 in
651 1290 842 1336 lamnas
877 1297 1114 1336 secentur
1149 1306 1462 1352 quorumque
1497 1293 1812 1352 operimento

330 1367 574 1410 vestiatur
602 1364 698 1409 alia
726 1367 982 1419 materies,
1010 1367 1283 1425 praecipua
1312 1370 1429 1410 sunt
1457 1366 1654 1419 citrum,
1681 1371 1812 1410 tere-

329 1436 551 1493 binthus,
591 1440 747 1483 aceris
786 1453 992 1500 genera,
1032 1437 1241 1492 buxum,
1279 1436 1465 1499 palma,
1505 1436 1812 1499 aquifolium,

329 1510 446 1567 ilex,
474 1511 644 1557 sabuci
671 1510 831 1566 radix,
857 1510 1086 1572 populus.
1155 1510 1245 1556 dat
1273 1517 1325 1556 et
1352 1510 1510 1565 alnus,
1538 1517 1596 1557 ut
1621 1510 1812 1557 dictum

331 1592 425 1639 est,
453 1585 602 1630 tuber
628 1583 802 1630 sectile
831 1586 960 1630 sicut
988 1586 1169 1629 citrum
1197 1598 1441 1645 acerque3
1485 1599 1578 1630 nec
1606 1583 1812 1630 aliarum

330 1657 479 1703 tuber
505 1657 646 1703 tam2
673 1660 724 1702 in
749 1660 929 1719 pretio.
998 1656 1168 1702 media
1193 1673 1307 1718 pars
1335 1657 1568 1702 arborum
1593 1660 1812 1719 crispior,

331 1738 384 1777 et
417 1747 515 1792 quo
548 1733 749 1792 propior
780 1730 935 1776 radici
967 1730 1240 1776 minoribus
1273 1733 1533 1792 magisque
1567 1729 1812 1777 flexilibus

227 1808 306 1849 232
330 1803 549 1849 maculis.
618 1802 743 1850 haec
764 1806 926 1865 prima
946 1807 1087 1867 origo
1107 1803 1333 1849 luxuriae
1357 1804 1605 1859 arborum,
1626 1803 1775 1850 aliam
1792 1804 1812 1832 3

330 1877 426 1922 alia
450 1880 608 1939 integi
631 1883 684 1923 et
707 1876 888 1923 vilioris
912 1876 1033 1939 ligni
1057 1893 1084 1923 e
1108 1880 1402 1938 pretiosiore
1426 1880 1665 1923 corticem
1689 1877 1808 1924 fieri.

330 1957 387 1996 ut
427 1966 526 1995 una
565 1950 711 1995 arbor
749 1953 948 2012 saepius
988 1953 1200 2005 veniret,
1241 1953 1563 2013 excogitatae
1603 1958 1719 1997 sunt
1759 1958 1811 1997 et

263 2040 266 2041 ⁷
329 2023 449 2086 ligni
474 2023 721 2070 bratteae.
790 2039 884 2069 nec
908 2026 1056 2069 satis:
1098 2039 1312 2085 coepere
1336 2026 1499 2086 tingui
1525 2024 1810 2070 animalium

446 2152 461 2174 ¹
490 2151 769 2201 insigneque?
802 2151 853 2188 M
855 2150 1000 2200 aykoff
1013 2150 1136 2199 coll.§
1159 2152 1234 2190 113
1255 2165 1264 2190 ε
1295 2151 1478 2201 insignes
1497 2151 1691 2201 ideoque.

447 2205 461 2227 ²
491 2204 698 2255 Detlessen
717 2203 862 2253 (tuber
879 2205 965 2242 iam
987 2204 1201 2254 Maykoff)
1220 2220 1229 2244 ε
1261 2203 1415 2244 tubera
1433 2209 1506 2243 aut
1525 2204 1707 2244 tuberia.

446 2258 459 2279 ³
491 2256 622 2296 aliam
640 2257 734 2297 add.
756 2257 981 2297 Rackham.

384 2467 402 2486 ⁰
430 2462 520 2501 The
549 2462 665 2501 word
694 2463 728 2501 is
756 2462 977 2513 primarily
1005 2462 1110 2501 used
1138 2462 1188 2500 of
1208 2461 1418 2514 gold-leaf
1439 2463 1525 2503 and
1553 2463 1677 2503 other
1705 2477 1807 2516 very

329 2515 424 2555 thin
445 2515 583 2567 platee
605 2515 653 2554 of
669 2515 801 2554 metal
813 2529 825 2562 3
854 2515 951 2554 here
973 2515 1006 2553 it
1026 2514 1205 2554 denotes
1224 2528 1390 2555 veneer.

330 2591 418 2650 536
