1909 2998
554 197 799 244 PLINY:
864 196 1194 244 NATURAL
1238 196 1534 244 HISTORY

306 333 358 372 et
395 325 589 371 aridior.
657 327 876 388 pretium
915 323 1177 387 omphacio
1224 327 1275 369 in
1320 323 1469 370 libras
1509 324 1549 371 Χ
1588 339 1656 370 vr.
1725 324 1782 372 fit

307 426 359 465 et
389 418 484 464 alio
513 417 678 473 modo,
707 435 821 464 cum
849 419 900 462 in
929 419 1176 463 mortariis
1206 433 1303 462 uva
1327 419 1578 463 inmatura
1605 419 1785 463 teritur

304 515 588 574 siccataque
612 514 661 556 in
686 510 787 556 sole
810 517 990 573 postea
1012 510 1258 573 digeritur
1280 512 1332 555 in
1353 509 1592 574 pastillos.

206 610 283 650 132
373 603 505 650 LXI.
543 603 736 649 Eodem
762 611 815 649 et
839 604 997 666 bryon
1033 605 1274 666 pertinet,
1299 619 1396 649 uva
1425 603 1596 668 populi
1622 602 1782 650 albae.

304 700 495 760 optima
530 700 660 742 circa
689 696 904 742 Cnidum
941 704 1029 742 aut
1057 696 1255 742 Cariam
1290 699 1341 742 in
1376 697 1663 743 sitientibus
1696 704 1784 743 aut

304 794 443 837 siccis
477 793 783 853 asperisque,
817 789 1038 836 secunda
1070 792 1120 835 in
1151 789 1336 853 Lyciae
1369 789 1534 836 cedro.
1605 789 1784 836 eodem

306 890 359 929 et
413 881 664 929 oenanthe
719 884 971 945 pertinet3
1025 889 1102 928 est
1145 889 1316 928 autem
1359 885 1472 928 vitis
1527 881 1784 929 labruscae

307 993 416 1022 uva.
483 975 732 1039 colligitur
763 992 877 1021 cum
912 974 1075 1031 floret,
1108 975 1159 1021 id
1192 982 1270 1021 est
1301 992 1415 1021 cum
1447 978 1637 1038 optime
1664 976 1784 1032 olet,

305 1073 519 1116 siccatur
564 1072 614 1115 in
658 1069 833 1115 umbra
881 1069 1134 1115 substrato
1185 1068 1343 1115 linteo
1398 1075 1552 1131 atque
1607 1071 1681 1115 ita
1732 1071 1783 1115 in

207 1170 282 1208 133
305 1163 454 1209 cados
478 1161 723 1209 conditur.
791 1164 1061 1226 praecipua
1087 1179 1148 1208 ex
1176 1159 1543 1225 Parapotamia,
1566 1161 1785 1209 secunda

306 1257 369 1302 ab
391 1254 659 1302 Antiochia
681 1262 834 1318 atque
859 1255 1111 1302 Laodicea
1132 1254 1324 1318 Syriae,
1346 1257 1500 1301 tertia
1521 1271 1584 1301 ex
1606 1258 1786 1302 monti-

305 1350 396 1395 bus
423 1348 664 1403 Medicis3
703 1347 829 1395 haec
852 1348 1020 1395 utilior
1042 1347 1337 1394 medicinae.
1406 1347 1608 1410 quidam
1632 1352 1786 1394 omni-

306 1443 398 1489 bus
417 1441 492 1488 his
511 1441 806 1506 praeferunt
828 1458 939 1488 eam
962 1458 1092 1504 quae
1113 1443 1163 1487 in
1186 1440 1351 1505 Cypro
1371 1440 1531 1487 insula
1550 1444 1783 1488 nascitur.

308 1553 421 1582 narn
454 1552 582 1598 quae
614 1538 664 1580 in
696 1534 868 1581 Africa
900 1534 956 1581 fit
987 1533 1051 1581 ad
1081 1533 1303 1581 medicos
1334 1540 1534 1580 tantum
1563 1537 1787 1598 pertinet

307 1636 610 1691 vocaturque
635 1632 880 1674 massaris.
950 1630 1108 1674 omnis
1135 1634 1307 1674 autem
1333 1644 1396 1674 ex
1422 1626 1536 1673 alba
1559 1626 1787 1674 labrusca

305 1725 641 1785 praestantior
666 1738 816 1784 quam
842 1738 869 1767 e
895 1724 1051 1784 nigra.

206 1821 285 1861 134
374 1814 535 1860 LXII.
576 1814 668 1861 Est
708 1822 975 1879 praeterea
1015 1815 1160 1860 arbor
1202 1814 1265 1860 ad
1305 1813 1484 1860 eadem
1528 1821 1787 1877 unguenta

304 1911 561 1972 pertinens
582 1924 733 1970 quam
758 1907 840 1953 alii
866 1907 1036 1954 elaten
1057 1907 1439 1970 vocant—quod
1457 1924 1545 1953 nos
1565 1907 1785 1954 abietem

306 2001 451 2047 ——alii
475 2001 712 2065 palmam,
738 2000 819 2046 alii
850 2000 1097 2064 spatham.
1167 1999 1402 2047 laudatur
1426 2000 1786 2047 Hammoniaca

308 2097 542 2148 maxime,
575 2112 690 2140 mox
725 2094 1000 2157 Aegyptia,
1033 2094 1152 2140 dein
1184 2092 1405 2156 Syriaca,
1437 2092 1705 2140 dumtaxat
1735 2096 1785 2139 in

307 2187 423 2233 locis
478 2188 764 2233 sitientibus
819 2186 989 2241 odora,
1043 2189 1217 2250 pingui
1272 2185 1492 2241 lacrima,
1548 2202 1677 2249 quae
1733 2188 1784 2232 in

308 2287 566 2343 unguenta
591 2279 793 2326 additur
817 2279 880 2325 ad
905 2279 1210 2325 domandum
1236 2278 1416 2324 oleum.

360 2448 375 2463 ‘¹
407 2442 496 2480 The
518 2442 632 2480 word
655 2442 822 2493 usually
844 2455 989 2480 means
1013 2442 1021 2456 ⁴
1040 2455 1165 2493 green
1188 2442 1304 2481 laver
1323 2442 1352 2481 ’z
1390 2443 1488 2481 here
1509 2443 1543 2482 it
1563 2442 1739 2482 denotas
1761 2456 1784 2481 a

307 2495 464 2533 cluster
485 2496 531 2533 of
549 2495 730 2534 catkins.

305 2585 358 2629 92
