1909 2998
195 682 246 719 28

529 164 773 211 PLINY:
838 163 1167 210 NATURAL
1212 161 1508 209 HISTORY

277 295 577 357 intemperie
619 290 980 338 carbunculant
1021 290 1248 353 fiuntque
1290 292 1482 336 semina
1522 307 1662 337 cassa
1703 298 1756 337 et

277 372 460 425 inania,
507 368 640 432 quod
687 375 868 414 vocant
913 368 1139 430 bregma,
1185 369 1255 413 sic
1303 366 1541 413 Indorum
1587 366 1757 430 lingua

277 445 589 508 significante
617 452 886 491 mortuum.
954 442 1047 489 hoc
1076 459 1139 489 ex
1167 445 1302 489 omni
1329 459 1517 506 genere
1546 446 1756 507 asperri-

277 539 414 568 mum
429 529 506 568 est
520 521 923 583 levissimumque
940 527 992 566 et
1005 519 1263 584 pallidum.
1331 522 1524 583 gratius
1540 522 1756 583 nigrum,

277 598 435 644 lenius
458 605 672 660 utroque
695 597 978 643 candidum.

343 674 454 720 Non
477 681 554 720 est
575 673 720 719 huius
743 674 929 719 arboris
951 672 1112 728 radix,
1135 679 1192 718 ut
1214 671 1366 734 aliqui
1389 675 1757 727 existimavere,

279 750 411 812 quod
437 758 614 796 vocant
640 750 897 812 zingiberi,
922 749 1005 794 alii
1029 765 1146 795 vero
1170 749 1429 812 zinpiberi,
1454 764 1755 811 quamquam

279 842 453 889 sapore
470 826 644 872 simile.
699 825 749 871 id
766 828 965 871 enimin
981 825 1170 871 Arabia
1186 832 1339 887 atque
1354 824 1691 888 Trogodytica
1707 827 1759 870 in

281 902 435 948 villis1
454 906 676 949 nascitur
692 918 844 965 parva
860 900 1070 947 herba²z
1108 901 1275 947 radice
1294 900 1522 947 eandida.
1588 900 1759 947 celeri-

279 985 358 1024 ter
390 994 451 1024 ea
482 981 666 1024 cariem
699 981 873 1033 sentit,
899 980 1123 1040 quamvis
1156 980 1206 1022 in
1238 984 1384 1023 tanta
1408 976 1757 1023 amaritudine.

279 1058 497 1118 pretium
527 1058 632 1100 eius
663 1057 713 1098 in
743 1053 892 1099 libras
921 1055 959 1100 >4
988 1070 1054 1100 V1.
1123 1056 1267 1117 piper
1291 1053 1496 1116 longum
1525 1051 1758 1099 facillime

280 1130 593 1176 adulteratur
626 1130 966 1176 Alexandrino
999 1133 1174 1193 sinapi.
1244 1132 1427 1176 emitur
1459 1132 1509 1175 in
1542 1129 1690 1176 libras
1715 1128 1756 1176 Χ

278 1223 357 1263 xv,
405 1207 574 1253 album
614 1207 652 1253 Χ
686 1223 778 1262 vu,
812 1209 1010 1269 nigrum
1050 1207 1089 1253 Χ
1128 1222 1226 1253 1111.
1298 1205 1459 1252 Usum
1491 1209 1596 1252 eius
1632 1205 1760 1252 adeo

278 1284 522 1348 placuisse
548 1286 727 1329 mirum
754 1290 858 1329 est:
903 1285 953 1328 in
980 1283 1086 1328 aliis
1112 1286 1312 1346 quippe.
1373 1285 1591 1329 suavitas
1607 1285 1761 1346 cepit,

280 1364 329 1406 in
367 1360 473 1406 aliis
511 1363 702 1423 species
740 1362 986 1415 invitavit,
1025 1358 1138 1405 huic
1175 1376 1268 1406 nec
1303 1362 1440 1424 pomi
1476 1375 1569 1405 nec
1604 1359 1760 1405 bacae

279 1436 649 1483 commendatio
683 1443 761 1482 est
794 1436 974 1498 aliqua.
1041 1436 1144 1482 sola
1175 1436 1376 1500 placere
1410 1435 1761 1491 amaritudine,

282 1521 335 1560 et
357 1512 483 1559 hanc
505 1516 555 1558 in
580 1513 730 1558 Indos
751 1513 884 1576 peti!
954 1516 1063 1575 quis
1087 1512 1167 1559 ille
1190 1515 1379 1577 primus
1403 1515 1619 1576 experiri
1639 1512 1760 1558 cibis

282 1590 436 1636 voluit
462 1597 549 1635 aut
575 1593 652 1635 cui
679 1592 729 1634 in
755 1589 1029 1653 appetendi
1057 1589 1301 1635 aviditate
1329 1592 1515 1636 esurire
1541 1605 1640 1635 non
1665 1588 1761 1635 fuit

281 1667 435 1713 satis?
504 1674 772 1728 utrumque
793 1666 1018 1712 silvestre
1039 1667 1276 1729 gentibus
1297 1669 1396 1712 suis
1418 1673 1496 1712 est
1516 1672 1570 1712 et
1588 1673 1760 1712 tamen

280 1744 502 1807 pondere
549 1746 732 1789 emitur
778 1750 835 1789 ut
881 1759 1056 1789 aurum
1102 1742 1180 1788 vel
1226 1749 1509 1805 argentum.
1576 1746 1761 1806 piperis

283 1821 509 1866 arborem
551 1822 650 1865 iam
694 1827 746 1865 et
791 1819 938 1865 Italia
981 1818 1135 1865 habet
1178 1822 1419 1865 maiorem
1461 1826 1628 1882 myrto
1669 1835 1762 1865 nec

283 1896 574 1942 absimilem.
645 1896 926 1942 amaritudo
978 1912 1133 1958 grano
1187 1895 1367 1942 eadem
1420 1911 1550 1958 quae
1601 1898 1761 1959 piperi

282 1981 479 2019 murteo
499 1971 518 2000 3
548 1972 783 2018 credatur
815 1988 951 2017 esse:
1001 1972 1148 2018 deest
1179 1978 1314 2017 tosto
1333 1970 1354 1999 4
1385 1970 1467 2017 illa
1497 1974 1761 2017 maturitas

566 2090 581 2114 ²
613 2089 737 2127 vilius
757 2089 1007 2134 Salmasius,
1030 2089 1071 2128 in
1092 2088 1240 2128 silvis?
1273 2088 1477 2139 Mayhoff.

563 2143 578 2166 2
615 2143 690 2182 VJ,
713 2155 872 2193 parvae
892 2142 1061 2181 herbae.

562 2196 578 2218 ³
606 2196 813 2247 Detlessen
831 2195 921 2235 coll.
944 2206 1003 2234 xv
1028 2197 1103 2234 118
1122 2210 1130 2234 :
1164 2203 1345 2235 musteo.

563 2250 579 2273 ⁴
607 2249 846 2289 Rackham:
877 2254 1007 2288 tosta.

337 2439 355 2456 ‘⁸
382 2431 483 2471 This
506 2445 590 2470 was
610 2435 688 2470 not
708 2429 781 2469 the
804 2443 912 2477 case,
936 2430 1015 2469 but
1036 2429 1163 2468 much
1180 2442 1266 2468 was
1289 2430 1502 2481 imported
1524 2429 1580 2482 by
1602 2443 1697 2481 way
1718 2430 1766 2469 of

287 2486 445 2525 Arabia
465 2485 553 2524 and
572 2483 877 2535 Trogodytica,
900 2484 970 2523 i.e.
993 2483 1101 2522 NE.
1123 2482 1280 2522 Africa.

285 2577 343 2607 20
