1909 2998
239 635 292 674 86

241 1324 291 1363 87

242 1864 293 1900 88

575 195 820 242 PLINY:
883 193 1213 241 NATURAL
1258 193 1553 242 HISTORY

323 322 545 368 remedio
574 328 773 367 tanturn
797 321 1072 385 probabile,
1099 320 1362 366 adsiduum
1386 328 1635 384 proventu
1660 324 1802 368 mini-

323 415 560 461 mumque
584 415 751 461 pomo,
777 399 950 444 arbore
976 396 1231 452 dissimile,
1256 396 1384 443 foliis
1405 414 1570 460 paene
1592 398 1800 462 platani.

324 492 422 521 non
453 474 622 521 ferunt
654 481 772 520 ante
803 477 1064 520 trimatum
1096 490 1158 519 ex
1190 473 1288 519 ullo
1319 490 1524 536 genere.
1592 474 1718 520 Cato
1749 482 1803 521 et

323 552 468 598 sorba
492 551 638 596 condi
664 567 784 614 sapa
810 550 981 596 tradit.

384 627 569 674 XXIV.
605 628 686 673 Ab
733 626 807 673 his
848 627 1012 673 locum
1054 625 1384 689 amplitudine
1426 627 1803 674 vindicaverunt

325 721 453 767 quae
477 721 671 750 cessere
697 706 998 749 auctoritate
1023 719 1175 748 nuces
1198 702 1476 766 iuglandes,
1499 720 1803 767 quamquam

325 789 376 827 et
407 784 544 844 ipsae
570 780 870 843 nuptialium
899 780 1320 825 Fescenninorum
1344 782 1570 835 comites,
1589 780 1804 827 multum

322 861 480 921 pineis
542 861 755 903 minores
818 859 1142 902 universitate
1196 856 1511 919 eademquel
1572 860 1802 921 portione

325 935 586 998 ampliores
635 933 826 979 nucleo.
895 950 987 979 nec
1036 949 1135 978 non
1184 940 1236 979 et
1285 932 1456 979 honori
1505 935 1545 980 is
1593 941 1802 980 naturae

323 1011 582 1074 peculiaris
633 1013 836 1073 gemino
885 1012 1128 1072 protectis
1180 1012 1511 1072 operimento,
1560 1010 1800 1073 pulvinati

321 1091 537 1151 primum
570 1087 768 1150 calycis‚
801 1103 918 1132 mox
951 1086 1105 1149 lignei
1135 1089 1424 1149 putaminis.
1494 1103 1623 1149 quae
1655 1104 1804 1133 causa

324 1181 407 1210 eas
445 1167 631 1226 nuptiis
668 1162 790 1209 fecit
826 1163 1099 1225 religiosas,
1136 1169 1214 1208 tot
1251 1163 1411 1208 modis
1447 1162 1556 1209 fetu
1593 1167 1804 1218 munito,

325 1241 457 1304 quod
490 1248 567 1287 est
599 1240 908 1286 verisimilius
941 1256 1091 1302 quam
1124 1242 1240 1302 quia
1271 1239 1499 1285 cadendo
1529 1241 1804 1303 tripudium

321 1321 564 1364 sonivium
584 1316 788 1363 faciant.
858 1324 911 1363 et
931 1316 1019 1362 has
1041 1333 1067 1362 e
1090 1314 1295 1362 Perside
1315 1317 1517 1379 regibus
1537 1317 1804 1363 translatas

323 1395 504 1441 indicio
529 1402 644 1440 sunt
671 1394 866 1440 Graeca
890 1396 1119 1439 nomina:
1163 1395 1410 1456 optimum
1435 1396 1620 1457 quippe
1645 1408 1804 1457 genus

325 1488 496 1517 earum
545 1469 797 1517 Persicum
846 1477 998 1532 atque
1047 1469 1285 1515 basilicon
1334 1477 1532 1526 vocant,
1581 1477 1633 1516 et
1681 1469 1804 1516 haec

325 1548 464 1594 fuere
509 1551 671 1611 prima
718 1550 933 1593 nomina.
1001 1563 1185 1609 caryon
1234 1563 1262 1592 a
1308 1549 1486 1609 capitis
1533 1547 1804 1610 gravedine

322 1632 528 1688 propter
553 1625 713 1670 odoris
738 1627 1040 1687 gravitatem
1064 1626 1297 1669 convenit
1329 1623 1535 1670 dictum.
1603 1627 1805 1687 tingun-

325 1709 407 1747 tur
442 1705 625 1747 cortice
662 1718 833 1747 earum
861 1701 1005 1746 lanae
1043 1707 1095 1746 et
1128 1699 1322 1746 rufatur
1349 1700 1553 1763 capillus
1589 1703 1804 1763 primum

323 1779 685 1841 prodeuntibus
709 1777 927 1823 nuculis:
968 1777 1018 1823 id
1041 1784 1338 1840 conpertum
1362 1776 1560 1822 infectis
1582 1784 1804 1823 tractatu

323 1856 564 1901 manibus.
632 1858 968 1918 pinguescunt
1022 1860 1295 1899 vetustate.
1365 1853 1468 1899 sola
1521 1853 1804 1900 differentia

324 1949 566 1995 generum
614 1935 664 1977 in
710 1933 973 1994 putamine
1014 1931 1138 1976 duro
1178 1930 1402 1994 fragilive
1444 1937 1497 1976 et
1535 1933 1675 1976 tenui
1717 1938 1804 1976 aut

862 2037 876 2060 1
905 2037 1010 2076 Edd.
1028 2052 1037 2076 ι
1067 2036 1256 2075 eaedem.

381 2184 399 2202 ‘²
427 2178 486 2217 At
525 2192 550 2217 a
589 2178 786 2228 wedding
825 2182 927 2216 nuts
965 2190 1074 2215 were
1112 2177 1283 2215 thrown
1322 2177 1382 2227 by
1421 2177 1496 2216 the
1536 2177 1803 2228 bridegroom

322 2245 478 2283 among
495 2232 569 2271 the
588 2232 696 2282 boys
714 2232 911 2281 carrying
928 2231 1002 2269 the
1019 2230 1201 2276 torches,
1219 2243 1266 2269 as
1283 2230 1357 2268 the
1376 2230 1493 2269 bride
1509 2231 1801 2281 approached;

325 2287 472 2337 VirgiL
489 2287 576 2325 Ecl.
599 2285 720 2325 VIII.
739 2286 786 2324 31
813 2284 822 2299 ‘
836 2297 1000 2335 sparge,
1025 2285 1190 2328 marite,
1218 2283 1374 2322 nuces.'
1433 2283 1500 2322 No
1519 2284 1657 2323 doubt
1679 2284 1801 2334 Pliny

325 2341 359 2379 is
381 2339 494 2388 right
516 2340 556 2377 in
580 2338 823 2388 explaining
845 2338 932 2375 this
953 2350 999 2375 as
1021 2350 1045 2375 a
1068 2336 1247 2387 fertility
1270 2337 1429 2375 charm.

379 2392 394 2417 ὁ
422 2393 634 2439 Senivins,
654 2397 662 2411 ‘
678 2391 832 2442 noisy,’
855 2404 1002 2430 occurs
1024 2391 1125 2442 only
1147 2391 1189 2430 in
1210 2390 1296 2429 this
1317 2390 1471 2441 phrase
1487 2391 1528 2428 in
1551 2391 1696 2431 Cicero
1717 2391 1802 2430 and

326 2446 437 2485 here.

378 2505 392 2524 ⁶
421 2500 584 2548 Caryon
605 2498 714 2536 from
736 2497 852 2547 κάρα,
876 2496 885 2511 ‘
905 2496 1043 2536 head.’

330 2577 418 2635 348
