1909 2998
249 458 300 496 83

249 992 301 1029 84

251 1756 302 1794 85

586 173 829 219 PLINY:
894 173 1222 220 NATURAL
1267 172 1563 220 HISTORY

333 301 568 360 operariis
607 303 738 346 iusta
774 317 868 346 ceu
904 299 1018 362 lege
1057 302 1283 346 sanciens
1322 302 1476 345 minui
1514 299 1687 346 iubeat
1721 316 1812 363 per

333 375 410 420 fici
444 379 807 422 maturitatem.
876 393 987 422 cum
1024 379 1215 422 recenti
1251 376 1343 422 fico
1378 375 1491 422 salis
1526 379 1632 422 vice
1666 392 1811 422 caseo

330 454 459 497 vesci
495 469 654 515 nuper
689 455 1034 516 excogitatum
1071 459 1162 498 est.
1233 468 1294 498 ex
1329 450 1422 497 hoc
1456 468 1643 515 genere
1679 459 1812 507 sunt,

334 534 389 572 ut
415 527 647 584 diximus,
665 535 870 574 cottana
898 536 950 574 et
977 531 1168 574 caricae
1198 545 1428 591 quaeque
1456 528 1810 574 conscendenti

333 620 511 650 navem
559 605 793 651 adversus
843 603 1051 651 Parthos
1100 621 1248 651 omen
1295 604 1462 651 fecere
1514 603 1586 650 M.
1637 604 1810 651 Crasso

333 680 531 727 venales
559 682 895 744 praedicantis
925 697 1063 736 voce,
1092 680 1345 727 Cauneae.
1414 683 1580 727 onmia
1607 678 1733 727 haec
1760 683 1812 726 in

334 756 554 803 Albense
590 775 671 803 rus
709 775 736 803 e
774 758 915 820 Syria
951 757 1119 803 intulit
1158 758 1213 803 L.
1241 757 1488 812 Vitellius,
1514 760 1597 819 qui
1632 763 1812 820 postea

331 849 506 878 censor
526 833 638 889 fuit,
659 851 772 880 cum
793 834 990 896 legatus
1012 837 1062 879 in
1085 851 1144 880 ea
1163 836 1418 897 provincia
1439 839 1590 889 esset,
1612 836 1813 880 novissi-

334 912 423 954 mis
448 909 632 955 Tiberii
659 911 883 957 Caesaris
909 911 1234 973 temporibus.

393 985 559 1031 XXII.
601 986 849 1033 Malorum
875 989 1196 1051 pirorumque
1223 989 1395 1049 generi
1422 985 1814 1033 adnumerentur

332 1063 437 1107 iure
491 1063 699 1126 mespila
753 1070 906 1126 atque
960 1064 1119 1109 sorba.
1188 1063 1407 1125 mespilis
1460 1065 1557 1108 tria
1609 1079 1813 1126 genera,

333 1137 605 1195 anthedon,
661 1143 872 1195 setania,
929 1143 1135 1186 tertium
1192 1139 1488 1202 degenerat,
1539 1138 1812 1186 anthedoni

332 1221 504 1260 tamen
558 1216 780 1272 similius,
836 1216 969 1279 quod
1025 1215 1271 1262 Gallicum
1325 1222 1520 1262 vocant.
1588 1218 1812 1262 setaniae

332 1294 489 1337 maius
535 1309 741 1355 pomum
789 1292 1167 1354 candidiusque,
1216 1295 1344 1337 acini
1391 1291 1614 1338 molliore
1662 1291 1813 1355 ligno,

331 1371 511 1414 ceteris
539 1372 701 1415 minus
730 1386 935 1432 pomum
966 1376 1060 1423 est,
1089 1369 1179 1414 sed
1209 1369 1360 1414 odore
1389 1371 1730 1431 praestantius
1761 1375 1814 1414 et

334 1444 467 1505 quod
505 1445 691 1491 diutius
731 1453 970 1492 servetur.
1041 1446 1185 1491 arbor
1223 1448 1330 1508 ipsa
1369 1445 1434 1491 de
1474 1445 1814 1508 amplissimis;

332 1519 449 1566 folia
483 1530 756 1585 antequam
791 1523 1028 1569 decidant
1062 1523 1361 1576 rubescunt3
1396 1521 1588 1567 radices
1623 1521 1812 1568 multae

333 1604 485 1660 atque
528 1599 661 1646 altae
704 1607 756 1646 et
797 1599 910 1645 ideo
952 1599 1345 1662 inextirpabiles.
1414 1615 1514 1644 non
1555 1597 1650 1644 fuit
1690 1597 1813 1644 haec

333 1674 477 1720 arbor
499 1677 550 1720 in
576 1676 722 1722 Italia
747 1676 949 1722 Catonis
974 1693 1112 1721 aevo.

396 1751 591 1798 XXIII.
628 1752 793 1799 Sorbis
831 1752 1142 1815 quadruplex
1181 1751 1492 1798 differentia:
1539 1751 1644 1798 aliis
1682 1754 1813 1798 enim

333 1843 504 1874 eorum
553 1830 835 1875 rotunditas
885 1829 1019 1884 mali,
1071 1829 1176 1874 aliis
1226 1830 1501 1874 turbinatio
1548 1831 1660 1892 piri,
1709 1829 1814 1874 aliis

333 1912 479 1950 ovata
507 1909 699 1968 species
726 1923 821 1952 ceu
846 1906 1090 1951 malorum
1120 1906 1379 1968 aliquibus.
1448 1904 1573 1951 haec
1600 1906 1815 1951 obnoxia

333 1984 481 2037 acori,
507 1983 659 2029 odore
686 1990 739 2030 et
764 1985 1013 2029 suavitate
1040 1982 1254 2028 rotunda
1279 1981 1609 2045 praecellunt,
1634 1985 1814 2028 ceteris

333 2059 431 2102 vini
476 2075 647 2122 sapor3
710 2062 1090 2122 generosissima
1150 2059 1327 2121 quibus
1372 2061 1502 2104 circa
1558 2058 1813 2121 pediculos

334 2139 509 2180 tenera
545 2135 676 2181 folia.
747 2143 997 2198 quartum,
1035 2152 1194 2198 genus
1236 2134 1499 2181 torminale
1542 2134 1814 2198 appellant,

395 2324 412 2343 ⁰
442 2319 629 2358 Because
657 2319 762 2370 they
792 2319 933 2358 would
964 2319 1015 2358 be
1045 2332 1139 2358 sure
1168 2322 1215 2358 to
1244 2322 1316 2357 eat
1344 2332 1369 2357 a
1399 2318 1604 2369 quantity
1634 2318 1683 2357 of
1706 2317 1797 2369 figs:

339 2374 446 2412 Cato
470 2373 574 2411 R.R.
604 2374 714 2412 LVI.

396 2426 411 2449 ὁ
443 2425 451 2440 ‘
471 2426 663 2465 Cauneas
682 2425 690 2440 ²
711 2426 902 2464 sounded
920 2425 1003 2464 like
1023 2425 1032 2440 ⁴
1052 2426 1165 2465 Caue
1183 2439 1235 2464 ne
1253 2425 1353 2473 eas‚‘
1375 2424 1383 2440 ‘
1403 2425 1577 2464 Beware
1596 2424 1644 2464 of
1655 2424 1811 2476 going)

338 2479 400 2518 Cf.
425 2479 585 2525 Cicero,
608 2480 668 2518 De
691 2479 771 2518 div.
795 2479 853 2520 ΙΙ.
878 2482 943 2518 84.

338 2555 427 2615 346
