1909 2998
578 206 823 253 PLINY:
887 205 1216 252 NATURAL
1261 205 1558 254 HISTORY

328 333 599 379 incolarum
627 348 834 378 numero
863 348 971 378 esse
998 348 1211 395 coepere
1239 331 1471 378 dicentur
1497 334 1630 379 inter
1656 332 1808 396 frugi-

328 409 473 456 feras,
530 412 581 454 in
601 411 889 472 praesentia
912 414 1146 454 externas
1168 424 1530 471 persequemur
1551 425 1581 454 a
1603 409 1808 455 salutari

330 489 545 532 maxime
569 488 679 531 orsi.

248 571 297 609 15
396 562 561 608 Malus
584 562 804 625 Assyria,
827 578 977 624 quam
1000 561 1081 607 alii
1107 560 1363 608 Medicam
1383 568 1584 617 vocant,
1606 565 1809 609 venenis

329 639 575 685 medetur.
644 638 816 684 folium
847 641 951 684 eius
982 645 1059 684 est
1088 638 1331 684 unedonis
1359 640 1809 686 intercurrentibus

328 719 495 779 spinis.
562 732 767 779 pomum
813 718 977 778 ipsum
1024 714 1144 761 alias
1191 732 1289 761 non
1337 715 1610 772 manditur,
1657 716 1809 763 odore

328 792 588 856 praecellit
615 791 845 838 foliorum
873 808 1090 854 quoque,
1119 794 1203 854 qui
1231 795 1412 838 transit
1438 794 1490 837 in
1517 799 1684 839 vestes
1711 809 1811 839 una

327 869 593 916 conditas1
645 876 884 931 arcetque
937 868 1225 914 animalium
1277 871 1440 914 noxia.
1509 869 1654 915 arbor
1702 871 1811 933 ipsa

329 947 556 992 omnibus
597 945 729 991 horis
769 944 1015 1009 pomifera
1058 952 1152 1001 est,
1195 945 1302 991 aliis
1344 945 1660 1001 cadentibus,
1703 945 1809 992 aliis

249 1031 297 1069 16
328 1023 799 1078 maturescentibus,
823 1022 929 1068 aliis
951 1039 1068 1068 vero
1091 1022 1522 1068 subnascentibus.
1590 1029 1810 1086 tempta-

329 1118 443 1146 vere
498 1107 678 1163 gentes
733 1098 1004 1146 transferre
1060 1099 1124 1144 ad
1177 1116 1287 1145 sese
1340 1106 1548 1162 propter
1601 1099 1809 1146 remedii

326 1180 690 1240 praestantiam
733 1176 964 1222 fictilibus
1005 1179 1056 1221 in
1097 1179 1242 1231 vasis,
1282 1175 1404 1222 dato
1441 1192 1534 1239 per
1572 1192 1809 1223 cavernas

328 1254 575 1300 radicibus
638 1256 945 1316 spiramento
1009 1252 1246 1315 (qualiter
1309 1255 1477 1298 omnia
1538 1255 1810 1299 transitura

327 1331 523 1393 longius
558 1334 655 1377 seri
692 1332 938 1376 artissime
976 1328 1336 1391 transferrique
1373 1331 1659 1375 meminisse
1695 1346 1810 1376 con-

330 1411 515 1463 veniet,
548 1415 606 1454 ut
638 1407 795 1453 semel
829 1423 1060 1468 quaeque
1094 1406 1374 1468 dicantur);
1425 1406 1516 1452 sed
1548 1408 1642 1451 nisi
1676 1407 1810 1470 apud

332 1484 511 1530 Medos
556 1491 609 1531 et
651 1487 701 1529 in
746 1482 950 1529 Perside
993 1486 1129 1529 nasci
1172 1482 1347 1529 noluit.
1414 1481 1508 1528 hoc
1551 1489 1629 1529 est
1671 1486 1809 1530 cuius

328 1578 483 1624 grana
517 1559 815 1607 Parthorum
848 1576 1079 1623 proceres
1113 1562 1382 1622 incoquere
1418 1559 1634 1605 diximus
1671 1576 1809 1606 escu-

327 1639 475 1685 lentis
511 1638 897 1684 commendandi
932 1636 1115 1682 halitus
1153 1639 1331 1699 gratia.
1400 1653 1493 1682 nec
1529 1635 1626 1681 alia
1663 1637 1810 1683 arbor

328 1715 562 1761 laudatur
586 1718 637 1760 in
665 1714 847 1760 Medis.

247 1801 294 1837 17
392 1792 532 1837 VIII.
571 1792 844 1854 Lanigeras
879 1790 1056 1837 Serum
1103 1793 1153 1836 in
1200 1793 1458 1837 mentione
1496 1792 1663 1852 gentis
1701 1793 1807 1837 eius

328 1871 650 1924 narravimus,
700 1871 825 1914 item
879 1867 1052 1913 Indiae
1104 1867 1335 1913 arborum
1386 1866 1805 1929 magnitudinem.

329 1963 478 1991 unam
534 1962 560 1991 e
614 1945 947 2008 peculiaribus
1005 1944 1177 1990 Indiae
1233 1942 1480 2006 Vergilius
1534 1942 1808 1990 celebravit

326 2022 597 2077 hebenum,
619 2039 862 2084 nusquam
888 2021 1002 2066 alibi
1026 2023 1159 2066 nasci
1180 2019 1448 2083 professus.
1519 2019 1807 2066 Herodotus

328 2116 439 2145 eam
483 2098 784 2161 Aethiopiae
827 2097 1053 2160 intellegi
1097 2096 1290 2152 maluit,
1333 2099 1384 2141 in
1427 2096 1604 2142 tributi
1648 2098 1806 2142 vicem

800 2206 813 2229 ¹
845 2205 1079 2256 Detlefsen:
1112 2204 1323 2242 conditus.

384 2376 402 2393 ⁰
431 2367 619 2416 Georqics
639 2367 698 2407 ΙΙ.
724 2368 801 2405 116
819 2365 848 2405 f.

380 2421 396 2447 ⁶
425 2421 673 2461 Herodotus
695 2433 794 2470 says
816 2417 1016 2469 20010gs‚
1039 2417 1123 2456 III.
1145 2419 1211 2456 97.
1269 2416 1359 2455 The
1375 2420 1486 2456 term
1508 2416 1518 2432 ‘
1532 2415 1697 2468 ebony’
1718 2430 1804 2456 was

325 2475 411 2514 and
441 2475 527 2513 still
557 2475 590 2512 is
620 2473 791 2524 applied
822 2477 868 2511 to
898 2485 1029 2523 many
1054 2471 1254 2510 different
1283 2470 1390 2509 hard
1418 2470 1562 2510 woods
1589 2471 1804 2522 imported

331 2530 422 2568 into
441 2528 670 2578 European
688 2527 917 2566 countries.

329 2620 380 2649 12
