1909 2998
572 177 816 223 PLINY:
881 176 1210 222 NATURAL
1255 174 1552 222 HISTORY

321 322 450 368 aqua
473 312 623 367 gutta
648 305 816 350 sidens
843 304 907 349 ad
932 307 1034 349 ima
1059 320 1196 358 vasa,
1223 303 1508 349 adulterata
1534 302 1630 348 olei
1654 302 1803 348 modo

319 401 518 445 innatat
559 406 628 454 et,
671 401 711 444 si
751 401 974 461 metopio
1014 400 1193 443 vitiata
1234 404 1328 452 est,
1369 396 1550 442 circulo
1590 395 1803 442 candido

318 494 549 554 cingitur.
620 507 814 537 summa
855 498 933 537 est
972 490 1204 554 probatio
1245 497 1302 536 ut
1343 489 1419 535 lac
1459 488 1710 552 coagulet,
1750 491 1802 535 in

322 592 462 631 veste
482 584 702 631 maculas
722 601 821 629 non
840 583 1009 629 faciat.
1074 600 1167 629 nec
1186 582 1498 628 manifestior
1518 582 1634 628 alibi
1652 581 1801 639 fraus,

321 681 506 742 quippe
547 678 746 724 milibus
787 677 1050 723 denarium
1090 679 1314 732 sextarii,
1355 679 1513 740 empti
1551 676 1802 723 vendente

319 771 436 818 fisco
462 775 666 818 tricenis
694 772 929 827 denariis,
957 778 1206 817 veneunt:
1252 773 1302 816 in
1322 771 1341 799 1
1368 777 1569 817 tantum
1596 770 1804 834 expedit

319 881 504 929 augere
520 866 805 928 liquorem.2
850 865 1191 929 xylobalsamo
1206 867 1427 929 pretium
1442 867 1492 909 in
1508 863 1656 910 libras
1676 864 1715 910 Χ
1734 879 1800 910 v1.

218 965 296 1003 124
385 958 485 1005 LV.
527 958 760 1005 Proxima
778 958 1000 1005 Iudaeae
1019 958 1161 1022 Syria
1177 975 1325 1022 supra
1342 956 1626 1004 Phoenicen
1645 965 1804 1021 styra-

317 1069 428 1099 cem
464 1056 627 1116 gignit
663 1056 794 1099 circa
824 1051 1017 1098 Gabala
1054 1059 1106 1098 et
1146 1051 1479 1098 Marathunta
1515 1058 1568 1098 et
1604 1051 1803 1098 Casium

318 1145 577 1193 Seleuciae
597 1154 840 1193 montem.
893 1147 1038 1192 arbor
1058 1153 1135 1192 est
1156 1146 1336 1193 eodem
1355 1148 1574 1201 nomine,
1592 1152 1803 1192 cotoneo

317 1240 449 1286 malo
491 1240 689 1294 similis3
750 1240 985 1286 lacrimae
1030 1256 1093 1286 ex
1137 1247 1337 1286 austero
1379 1239 1583 1286 iucundi
1624 1238 1804 1296 odoris,

316 1337 450 1380 intus
480 1333 755 1380 similitudo
781 1333 1091 1389 harundinis,
1122 1350 1239 1380 suco
1266 1350 1530 1397 praegnas.
1598 1336 1649 1378 in
1676 1332 1803 1379 hanc

316 1431 446 1474 circa
463 1431 599 1474 canis
615 1435 752 1474 ortus
772 1427 1008 1474 advolant
1022 1430 1219 1490 pinnati
1235 1426 1490 1473 vermiculi
1506 1427 1772 1474 erodentes
1790 1441 1802 1481 ;

216 1527 293 1566 125
313 1521 376 1567 ob
415 1521 466 1566 id
505 1521 653 1567 scobe
694 1521 952 1567 sordescit.
1022 1528 1194 1584 styrax
1233 1520 1469 1566 laudatur
1504 1527 1620 1585 post
1655 1537 1803 1584 supra

316 1614 453 1661 dicta
482 1631 544 1661 ex
575 1613 778 1670 Pisidia,
807 1614 942 1670 Side,
972 1614 1154 1678 Cypro,
1184 1614 1373 1670 Cilicia,
1402 1614 1554 1660 Creta
1581 1617 1803 1670 minime,

317 1725 379 1754 ex
416 1709 613 1753 Amano
649 1707 821 1771 Syriae
858 1708 1084 1762 medicis,
1120 1708 1210 1754 sed
1246 1710 1592 1771 unguentariis
1626 1711 1800 1771 magis.

315 1801 448 1847 colos
498 1805 549 1846 in
601 1818 917 1864 quacumque
969 1804 1174 1848 natione
1225 1800 1511 1865 praefertur
1560 1800 1698 1848 rufus
1751 1808 1802 1847 et

315 1898 571 1958 pinguiter
615 1895 800 1950 lentuS,
846 1895 1069 1941 deterior
1114 1893 1389 1941 furfurosus
1436 1902 1489 1941 et
1533 1911 1659 1941 cano
1704 1898 1803 1941 situ

322 1988 582 2034 obductus.
652 1988 966 2035 adulteratur
993 1988 1129 2034 cedri
1156 1992 1320 2034 resina
1347 1988 1426 2034 vel
1453 1991 1655 2044 cummi,
1683 1988 1802 2035 alias

317 2081 465 2127 melle
522 2089 611 2128 aut
668 2081 946 2145 amygdalis
1004 2085 1211 2137 amaris3
1287 2085 1454 2128 omnia
1510 2099 1571 2128 ea
1626 2082 1803 2146 depre-

317 2173 607 2220 henduntur
661 2183 827 2238 gustu.
896 2179 1117 2238 pretium
1177 2178 1367 2238 optimo
1411 2176 1450 2221 Χ
1493 2190 1613 2222 xvn.
1697 2178 1802 2222 exit

318 2275 371 2314 et
394 2270 444 2313 in
470 2266 782 2332 Pamphylia,
806 2268 896 2314 sed
920 2268 1102 2315 aridior
1125 2272 1388 2331 minusque
1414 2285 1631 2316 sucosus.

383 2389 399 2413 ¹
430 2389 540 2438 [in]?
574 2388 779 2439 Illayhvoff.

379 2443 394 2466 ²
422 2442 597 2492 expeciit
626 2443 748 2481 licere
777 2447 999 2482 auctorem
1032 2442 1141 2483 Ian:
1186 2455 1283 2494 exp.
1318 2455 1472 2494 augere
1504 2442 1689 2483 licitanti
1720 2442 1802 2493 (vel

325 2493 545 2545 licitatori)
574 2495 876 2547 Warminqton.

323 2570 382 2615 86
