1909 2998
253 412 302 449 27

249 894 301 934 28

248 1671 301 1709 29

590 180 834 227 PLINY:
898 178 1229 226 NATURAL
1273 178 1570 226 HISTORY

338 309 609 372 Hispaniae
670 307 907 363 fructum,
967 323 1142 353 verum
1202 309 1450 361 inmitem,
1511 304 1709 352 dulcem
1769 308 1819 351 in

338 404 508 451 Africa
540 405 629 451 sed
660 407 833 451 statim
867 409 1269 450 evanescentem.
1337 409 1513 449 contra
1544 405 1594 447 in
1627 405 1819 449 oriente

336 519 398 548 ex
432 505 490 549 iis
526 505 639 548 vina
672 505 1004 565 gentiumque
1040 501 1217 563 aliquis
1250 503 1411 564 panis,
1445 499 1670 563 plurimis
1705 516 1820 546 vero

335 602 487 645 etiam
545 598 927 662 quadrupedum
981 598 1136 643 cibus.
1207 597 1534 659 quamobrem
1588 600 1695 643 iure
1749 596 1822 643 di-

332 703 511 742 centur
545 704 815 750 externae3
868 694 1003 740 nulla
1037 701 1114 740 est
1147 696 1199 739 in
1234 693 1384 740 Italia
1416 700 1596 757 sponte
1629 696 1821 757 genita,

333 809 426 838 nec
462 796 512 838 in
549 792 646 838 alia
679 800 826 856 parte
863 799 1111 838 terrarum
1148 793 1242 836 nisi
1277 793 1329 836 in
1364 790 1543 846 calida,
1580 789 1821 853 frugifera

339 906 453 935 vero
495 906 741 952 nusquam
788 892 881 934 nisi
923 892 973 934 in
1016 887 1221 934 fervida.
1291 887 1407 933 VII.
1447 886 1684 950 Gigm‘tur
1723 886 1820 934 levi

334 986 664 1049 sabulosaque
684 993 837 1041 terra,
854 989 1041 1031 maiore
1066 988 1118 1030 in
1135 992 1282 1048 parte
1304 992 1357 1031 et
1375 988 1579 1031 nitrosa.
1629 984 1821 1048 gaudet

333 1086 486 1145 riguis
540 1090 752 1146 totoque
809 1099 939 1128 anno
993 1082 1186 1137 bibere,
1233 1099 1348 1128 cum
1393 1089 1531 1128 amet
1577 1083 1817 1127 sitientia.

334 1179 488 1226 fimol
524 1179 728 1243 quidam
765 1182 920 1226 etiam
956 1178 1090 1225 laedi
1125 1186 1328 1242 putant,
1354 1179 1672 1242 Assyriorum
1705 1195 1820 1242 pars

334 1277 499 1340 aliqua
528 1280 567 1323 si
596 1294 696 1323 non
723 1280 836 1323 rivis
866 1279 1092 1323 misceat.
1161 1293 1350 1339 genera
1379 1292 1551 1322 earum
1578 1275 1738 1340 plura,
1768 1282 1820 1321 et

332 1377 492 1437 prima
546 1373 778 1420 fruticem
798 1373 818 1403 ²
870 1390 971 1419 non
1024 1373 1342 1428 excedentia,
1396 1372 1620 1419 sterilem
1672 1371 1820 1428 hune,

333 1470 484 1516 aliubi
543 1478 596 1517 et
652 1474 817 1534 ipsum
873 1469 1111 1525 fertilem,
1169 1470 1434 1532 brevisque
1490 1472 1631 1515 rami.
1700 1469 1819 1515 orbe

333 1567 562 1613 foliorum
601 1570 802 1614 tectorii
841 1570 1002 1613 vicem
1041 1566 1121 1612 hic
1160 1567 1438 1630 parietibus
1477 1566 1729 1630 plerisque
1769 1569 1818 1612 in

335 1664 453 1710 locis
476 1671 705 1728 praestat
741 1671 916 1710 contra
952 1667 1258 1727 aspergines.
1329 1670 1407 1710 est
1443 1671 1496 1710 et
1530 1666 1819 1727 proceriori-

332 1762 423 1807 bus
457 1761 595 1817 silva,
629 1762 805 1807 arbore
839 1778 902 1807 ex
935 1764 1044 1824 ipsa
1075 1760 1307 1806 foliorum
1340 1760 1514 1807 aculeo
1547 1759 1818 1806 fruticante

331 1862 460 1904 circa
515 1866 649 1905 totas
704 1861 1031 1922 pectinatim3
1107 1875 1229 1920 quas
1285 1858 1537 1904 silvestres
1592 1857 1818 1920 intellegi

332 1973 536 2002 necesse
567 1963 661 2012 est,
690 1959 884 2002 incerta
912 1963 1087 2002 tamen
1115 1955 1323 2001 libidine
1354 1958 1510 2001 etiam
1539 1955 1817 2001 mitioribus

331 2071 383 2099 se
420 2057 646 2100 miscent.
715 2053 938 2116 reliquae
974 2061 1166 2099 teretes
1194 2059 1347 2115 atque
1371 2069 1628 2116 procerae,
1651 2052 1817 2099 densis

331 2151 654 2214 gradatisque
677 2153 918 2197 corticum
940 2150 1201 2214 pollicibus
1226 2157 1313 2196 aut
1337 2150 1537 2196 orbibus
1561 2149 1730 2196 faciles
1755 2149 1817 2195 ad

330 2248 671 2294 scandendum
698 2251 904 2294 orientis
931 2264 984 2294 se
1010 2247 1206 2311 populis
1232 2248 1481 2310 praebent
1507 2247 1699 2293 vitilem
1724 2247 1814 2293 sibi

333 2345 594 2407 arborique
647 2344 834 2391 indutis
886 2344 1124 2391 circulum
1176 2347 1301 2390 mira
1351 2347 1652 2407 pernicitate
1703 2361 1814 2389 cum

664 2462 679 2486 ¹
716 2459 796 2499 VJ.
819 2465 936 2499 amet
957 2474 1068 2500 anno
1089 2461 1266 2499 sitienti.
1327 2474 1352 2499 a
1372 2460 1486 2499 fimo.

662 2515 677 2538 ²
708 2513 905 2553 fruticem
925 2514 1013 2554 edd.
1034 2530 1043 2554 z
1074 2513 1242 2554 frutice.

339 2604 424 2645 1¹4
