1909 2998
266 323 317 360 77

268 1779 319 1816 80

603 188 846 236 PLINY:
909 189 1239 236 NATURAL
1282 189 1580 237 HISTORY

414 315 475 362 X.
519 315 778 362 Hactenus
836 317 1033 364 bonitas
1092 321 1190 363 vini
1249 319 1534 365 nationibus
1593 319 1823 366 debetur.

349 392 483 453 apud
510 391 726 439 Graecos
751 396 856 439 iure
872 393 891 422 1
917 394 1241 440 clarissimum
1267 411 1451 440 nomen
1478 398 1671 457 accepit
1694 396 1826 458 quod

348 468 726 530 appellaverunt
769 470 904 525 bion,
949 471 1013 517 ad
1056 470 1292 532 plurimos
1337 471 1668 518 valitudinum
1711 489 1826 519 usus

350 549 710 608 excogitatum,
742 554 798 592 ut
831 547 1117 593 docebimus
1150 551 1201 593 in
1231 555 1377 609 parte
1408 548 1703 595 medicinae.
1772 549 1827 595 fit

349 629 520 668 autem
556 621 649 669 hoc
686 623 861 669 modo:
917 640 1043 670 uvae
1080 623 1284 685 paulum
1322 631 1441 670 ante
1478 628 1828 671 maturitatem

349 698 619 761 decerptae
641 703 890 747 siccantur
912 705 1010 747 acri
1033 700 1153 757 sole,
1174 708 1255 747 ter
1275 701 1357 747 die
1380 708 1610 747 versatae
1631 718 1722 764 per
1743 706 1829 748 tri-

349 775 520 830 duum,
563 785 742 838 quarto
786 780 1149 838 exprimuntur,
1191 777 1310 823 dein
1343 780 1396 822 in
1436 778 1573 824 cadis
1616 777 1718 824 sole
1755 782 1828 824 in-

350 859 656 899 veterantur.
726 853 815 899 Coi
841 857 1087 899 marinam
1115 871 1297 916 aquam
1324 854 1591 917 largiorem
1618 858 1828 900 miscent

350 945 379 974 a
416 933 543 975 servi
581 929 715 975 furto
754 933 944 992 origine
983 938 1094 977 orta
1131 934 1199 976 sic
1238 947 1524 976 mensuram
1564 930 1829 992 explentiS,

348 1005 499 1067 idque
521 1006 822 1052 translatum
846 1010 896 1052 in
919 1006 1088 1052 album
1110 1014 1332 1053 mustum
1349 1006 1638 1053 leucocoum
1662 1007 1830 1069 appel-

347 1081 494 1128 latur.
563 1086 613 1129 in
650 1083 755 1129 aliis
793 1091 965 1129 autem
1000 1084 1235 1146 gentibus
1272 1083 1420 1130 simili
1454 1083 1603 1130 modo
1637 1083 1829 1130 factum

348 1157 810 1206 tethalassomenon
867 1167 1063 1215 vocant,
1119 1159 1418 1207 thalassiten
1475 1167 1647 1206 autem
1704 1164 1830 1206 vasis

350 1238 502 1281 musti
551 1236 758 1282 deiectis
807 1239 859 1281 in
914 1254 1069 1292 mare,
1120 1253 1218 1298 quo
1268 1252 1455 1299 genere
1505 1252 1722 1298 praecox
1774 1237 1829 1283 fit

351 1319 591 1358 vetustas.
661 1329 752 1359 nec
791 1329 890 1359 non
929 1313 1063 1374 apud
1103 1329 1189 1359 nos
1227 1329 1428 1375 quoque
1466 1312 1626 1359 Coum
1661 1316 1830 1359 vinum

351 1405 413 1434 ex
434 1388 609 1435 Italico
627 1389 843 1435 faciendi
862 1393 1110 1436 rationem
1135 1389 1262 1435 Cato
1281 1390 1663 1445 demonstravit,
1682 1406 1831 1451 super

349 1473 519 1511 cetera
543 1469 593 1511 in
618 1466 719 1512 sole
743 1466 1069 1528 quadriennio
1084 1466 1103 1494 2
1124 1466 1480 1513 maturandum
1500 1469 1828 1529 praecipiens.

350 1541 599 1588 Rhodium
646 1542 747 1588 Coo
793 1542 953 1589 simile
1000 1550 1093 1598 est,
1142 1542 1443 1589 Phorineum
1489 1542 1662 1589 salsius
1710 1542 1827 1589 Coo.

350 1622 516 1664 omnia
540 1623 873 1665 transmarina
899 1623 1011 1665 vina
1038 1627 1236 1681 septem
1262 1623 1401 1665 annis
1429 1619 1493 1665 ad
1519 1626 1829 1666 vetustatem

349 1695 569 1741 mediam
593 1699 853 1758 pervenire
881 1699 1246 1742 existimantur.

414 1772 503 1818 XI.
544 1772 723 1818 Vinum
777 1789 925 1819 omne
980 1773 1124 1819 dulce
1178 1775 1340 1818 minus
1396 1772 1677 1827 odoratum,
1732 1789 1830 1834 quo

354 1852 550 1895 tenuius
587 1866 646 1895 eo
681 1849 949 1895 odoratius.
1017 1849 1203 1895 colores
1239 1852 1362 1895 vinis
1398 1856 1638 1911 quattuor
1671 1848 1829 1902 albus,

351 1925 529 1981 fulvus,
544 1930 865 1988 sanguineus,
881 1929 1036 1988 niger.
1074 1924 1315 1987 psithium
1332 1933 1384 1971 et
1401 1923 1829 1986 melampsithium

350 2006 481 2063 passi
521 2018 707 2065 genera
748 2010 863 2048 sunt
904 2019 991 2048 suo
1031 2018 1225 2063 sapore,
1257 2018 1356 2047 non
1396 2004 1511 2056 vini,
1551 2000 1830 2063 Scybelites

352 2094 467 2124 vero
520 2079 664 2124 mulsi
721 2083 773 2124 in
826 2078 1028 2124 Galatia
1080 2094 1306 2133 nascens,
1356 2085 1408 2124 et
1461 2077 1725 2124 Aluntium
1781 2081 1830 2123 in

740 2206 753 2228 ¹
791 2205 868 2244 V.l.
892 2217 1016 2243 curae
1036 2219 1044 2243 :
1078 2217 1179 2242 cura
1199 2203 1437 2243 Han-donin.

744 2259 758 2281 2
790 2258 1030 2308 quadriduo
1050 2263 1122 2296 aut
1142 2258 1286 2296 triduo
1307 2257 1394 2297 edd.

409 2454 426 2471 ‘⁸
457 2446 652 2496 Possibly
686 2446 760 2484 the
795 2450 888 2484 text
927 2445 1079 2484 should
1116 2445 1166 2484 be
1201 2444 1361 2483 altered
1396 2449 1443 2483 to
1475 2445 1573 2495 give
1609 2443 1753 2483 ‘four’
1783 2457 1830 2483 or

359 2505 369 2522 ‘
389 2500 507 2538 three
527 2499 664 2552 days?

354 2583 440 2636 238
