1909 2998
588 192 832 238 PLINY:
897 190 1225 237 NATURAL
1270 190 1566 237 HISTORY

335 336 514 365 corona
537 325 752 382 excepto
777 317 849 364 M.
873 318 1048 364 Crasso
1070 320 1154 380 qui
1175 317 1238 363 de
1261 317 1481 377 fugitivis
1503 324 1556 363 et
1575 316 1814 380 Spartaco

240 403 314 441 126
338 396 508 441 laurea
528 402 792 441 coronatus
814 397 1032 440 incessit.
1104 393 1353 439 Masurius
1377 400 1549 439 auctor
1571 401 1648 439 est
1669 410 1813 439 curru

336 489 534 535 quoque
568 470 938 534 triumphantes
970 477 1169 532 myrtea
1201 487 1382 515 corona
1413 486 1540 516 usos.
1611 470 1667 515 L.
1702 468 1814 515 Piso

335 549 491 594 tradit
540 546 792 611 Papirium
844 546 1126 602 Masonem,
1176 549 1258 609 qui
1306 549 1494 610 primus
1543 549 1592 591 in
1641 552 1813 592 monte

335 625 532 670 Albano
593 621 921 687 triumphavit
969 623 1033 669 de
1083 623 1261 678 Corsis,
1309 629 1475 685 myrto
1522 629 1814 668 coronatum

336 701 475 747 ludos
523 701 779 747 Circenses
825 706 1053 762 spectare
1101 699 1328 745 solitum:
1394 715 1512 745 avus
1557 705 1814 745 maternus

336 777 557 823 Africani
606 779 863 839 sequentis
913 775 992 821 hic
1041 775 1151 821 fuit.
1222 774 1295 821 M.
1348 775 1572 821 Valerius
1621 775 1814 822 duabus

334 857 524 900 coronis
598 854 853 908 utebatur,
909 852 1080 898 laurea
1135 859 1188 898 et
1243 859 1458 915 myrtea,
1514 851 1667 914 quial
1721 851 1814 898 hoc

335 937 554 977 voverat.

236 1015 312 1053 127
399 1007 637 1053 XXXIX.
676 1007 866 1052 Laurus
916 1005 1180 1069 triumphis
1231 1008 1430 1069 proprie
1483 1005 1695 1061 dicatur,
1736 1005 1814 1052 vel

334 1087 616 1148 gratissima
657 1084 903 1139 domibus,
945 1086 1147 1128 ianitrix
1190 1082 1461 1129 Caesarum
1500 1083 1815 1146 pontificum-

336 1176 462 1224 que3
506 1161 609 1206 sola
637 1167 690 1206 et
716 1160 889 1206 domos
918 1166 1129 1206 exornat
1157 1167 1209 1205 et
1237 1166 1356 1205 ante
1382 1159 1554 1205 limina
1580 1159 1812 1206 excubat.

335 1238 433 1283 duo
453 1241 556 1284 eius
575 1253 764 1300 genera
781 1236 992 1282 tradidit
1011 1236 1154 1291 Cato,
1174 1234 1473 1299 Delphicam
1491 1243 1545 1282 et
1563 1235 1812 1299 Cypriam.

336 1313 600 1377 Pompeius
633 1314 862 1359 Lenaeus
893 1312 1079 1358 adiecit
1109 1329 1260 1375 quam
1288 1320 1567 1359 mustacem
1597 1313 1814 1376 appella-

335 1394 422 1446 vit,
453 1394 688 1453 quoniam
717 1392 987 1436 mustaceis
1017 1389 1355 1435 subiceretur:
1402 1388 1530 1435 hanc
1560 1406 1668 1436 esse
1697 1389 1814 1435 folio

335 1470 552 1513 maximo
579 1466 885 1529 flaccidoque
912 1473 964 1512 et
991 1466 1257 1522 albicante,
1285 1465 1583 1529 Delphicam
1618 1466 1814 1529 aequali

333 1544 495 1590 colore
532 1543 833 1598 viridiorem,
868 1545 1098 1589 maximis
1132 1543 1268 1588 bacis
1305 1550 1458 1605 atque
1495 1559 1522 1589 e
1558 1543 1701 1589 viridi
1735 1560 1813 1588 ru-

334 1621 597 1674 bentibus3
648 1619 778 1665 hac2
812 1622 1023 1665 victores
1057 1618 1266 1682 Delphis
1299 1622 1520 1665 coronari
1553 1626 1610 1665 ut
1642 1622 1814 1666 trium-

239 1703 313 1742 128
336 1696 551 1760 phantes
596 1696 800 1742 Romae.
871 1696 1105 1760 Cypriam
1149 1712 1257 1742 esse
1300 1695 1416 1742 folio
1458 1696 1613 1752 brevi,
1656 1699 1814 1759 nigro,

333 1791 424 1837 per
464 1776 714 1836 margines
756 1773 1017 1819 imbricato
1058 1775 1284 1836 crispam.
1351 1779 1530 1836 postea
1562 1789 1813 1819 accessere

335 1849 589 1913 genera3:
670 1848 999 1896 tinus—hanc
1064 1849 1341 1895 silvestrem
1405 1849 1598 1895 laurum
1663 1849 1813 1912 aliqui

239 1933 312 1972 129
338 1926 656 1989 intellegunt,
701 1925 923 1972 nonnulli
969 1928 1042 1971 sui
1087 1928 1285 1989 generis
1331 1926 1586 1972 arborem:
1649 1924 1813 1972 differt

335 2002 483 2058 color,
509 2010 586 2049 est
611 2005 743 2048 enim
767 2002 964 2048 caerula
988 2003 1127 2048 baca.
1197 2005 1405 2048 accessit
1429 2009 1482 2048 et
1504 2005 1659 2066 regia,
1684 2019 1812 2065 quac

744 2106 759 2129 1
790 2106 920 2155 quia?
954 2105 1173 2156 Alayhosf:
1208 2107 1279 2156 qui
1299 2110 1357 2145 et.

741 2159 757 2182 ²
786 2158 920 2198 Edd.:
951 2172 1015 2198 ac.

739 2212 755 2234 ³
784 2225 938 2263 genera
964 2211 1172 2265 <plura>?
1205 2211 1409 2263 Illayhoff.

397 2354 413 2370 ‘¹
442 2348 517 2387 Le.
548 2348 668 2386 when
697 2348 802 2398 they
831 2361 938 2386 were
973 2348 1133 2394 ba-ked;
1173 2349 1281 2388 Cato
1311 2349 1415 2388 ΕΒ.
1448 2349 1619 2396 CXXI,
1648 2350 1685 2395 2,
1714 2362 1812 2400 says

339 2401 437 2439 that
453 2402 572 2440 these
589 2402 713 2440 cakes
731 2414 837 2440 were
851 2402 977 2440 made
989 2402 1038 2440 of
1046 2402 1128 2441 fine
1144 2402 1297 2447 wheat,
1315 2406 1444 2450 must,
1462 2403 1590 2451 anjse,
1608 2404 1810 2450 cummin,

340 2456 430 2494 lard
451 2456 536 2493 and
557 2455 715 2501 (moeso,
736 2455 822 2493 and
842 2455 1018 2506 scraped
1037 2455 1168 2494 laurel
1187 2456 1338 2507 sprigs.

406 2507 421 2531 ⁶
453 2509 540 2547 Our
562 2509 732 2548 Laurus
754 2509 884 2548 tinus.

339 2597 428 2642 374
