1909 2998
197 496 248 534 14

197 930 247 968 15

198 1452 247 1490 16

198 2232 245 2270 17

531 187 776 234 PLINY:
840 187 1170 234 NATURAL
1215 188 1513 235 HISTORY

278 315 477 363 desinat
526 315 689 370 olere;
752 331 918 362 rursus
965 313 1320 378 refrigeratum
1366 314 1571 362 odorem
1617 334 1761 364 suum

278 406 429 466 capit.

345 489 536 553 Singuli
569 506 768 552 quoque
801 492 905 536 suci
936 488 1121 535 nobilia
1154 496 1414 552 unguenta
1444 489 1663 537 faciunt:
1710 493 1762 537 in

277 579 447 640 primis
475 576 863 631 malobathrum,
890 583 1070 639 postea
1095 578 1179 621 iris
1209 575 1409 638 Illyrica
1436 583 1490 623 et
1517 576 1763 640 Cyzicena

280 679 553 718 amaracus,
582 662 852 709 herbarum
881 670 1111 725 utraque.
1180 662 1259 708 vel
1287 679 1451 726 pauca
1478 662 1554 709 his
1585 670 1638 710 et
1666 664 1763 710 alia

279 749 361 795 alii
390 753 622 807 miscent,
653 753 737 813 qui
771 749 988 813 plurima
1017 749 1248 795 alterutri
1278 749 1397 806 mel,
1426 749 1540 796 salis
1573 749 1762 808 florem,

278 835 613 900 omphacium,
661 840 779 900 agni
826 835 962 892 folia,
1008 853 1272 900 panacem,
1321 843 1534 883 externa
1580 841 1761 885 omnia.

282 931 335 970 et
359 923 644 987 prodigiosa
667 926 1035 970 cinnamomino
1059 926 1252 986 pretia3
1297 923 1510 970 adicitur
1533 926 1763 972 cinnamo

277 1010 567 1057 balaninum
619 1011 802 1066 oleum,
856 1010 1270 1074 xylobalsamum,
1323 1010 1561 1067 calamus,
1613 1014 1763 1068 iunci,

278 1097 487 1144 balsami
501 1101 710 1153 semina,
726 1115 910 1153 murra,
926 1097 1026 1143 mel
1041 1097 1321 1144 odoratum.
1391 1105 1761 1161 unguentorum

279 1184 372 1231 hoe
415 1188 801 1240 crassissimum3
846 1188 1013 1249 pretia
1055 1187 1100 1231 ei
1148 1201 1177 1230 a
1228 1185 1266 1230 >4
1312 1199 1439 1230 xxxv
1481 1184 1546 1231 ad
1583 1185 1624 1232 Χ
1662 1201 1760 1232 ccc.

279 1271 543 1318 nardinum
576 1275 679 1318 sive
713 1271 944 1318 foliatum
978 1278 1176 1317 constat
1211 1270 1473 1334 omphacio
1508 1279 1596 1318 aut
1627 1272 1763 1318 bala-

279 1361 413 1415 nino,
437 1361 600 1415 iunco,
624 1366 781 1415 costo,
806 1358 980 1414 nardo,
1005 1375 1220 1413 amomo,
1245 1375 1430 1414 murra,
1454 1358 1694 1405 balsamo.

347 1445 407 1491 In
426 1445 520 1492 hoc
539 1463 727 1509 genere
749 1448 1015 1492 conveniet
1035 1448 1321 1491 meminisse
1343 1444 1611 1491 herbarum
1633 1463 1762 1509 quae

279 1533 490 1579 nardum
521 1533 750 1579 Indicum
779 1536 1099 1579 imitarentur
1128 1535 1321 1596 specics
1352 1547 1402 1577 lx
1429 1549 1458 1577 a
1482 1533 1623 1578 nobis
1654 1550 1761 1580 esse

278 1619 464 1667 dictas:
552 1627 699 1667 tanta
767 1623 981 1667 materia
1049 1619 1367 1666 adulterandi
1436 1626 1529 1666 est.
1597 1623 1764 1668 omnia

279 1715 451 1754 autem
491 1710 715 1754 acutiora
755 1707 881 1753 fiunt
920 1714 1077 1762 costo,
1118 1723 1332 1761 amom0‚
1373 1723 1503 1768 quae
1543 1710 1762 1755 maxime

280 1797 409 1839 naris
433 1793 637 1850 feriunt,
661 1797 900 1840 crassiora
922 1810 1090 1839 murra
1113 1795 1458 1855 suavioraque,
1482 1793 1761 1841 medicinae

279 1888 451 1927 autem
484 1881 684 1927 utiliora
716 1898 876 1937 croco,
910 1883 1153 1926 acerrima
1183 1896 1275 1943 per
1307 1897 1360 1926 se
1395 1895 1619 1935 amomo3
1669 1879 1762 1928 hoc

280 1974 333 2014 et
373 1971 551 2031 capitis
593 1968 787 2013 dolores
830 1967 966 2014 facit.
1037 1966 1241 2029 quidam
1282 1969 1402 2012 satis
1445 1965 1636 2013 habent
1677 1967 1763 2014 ad-

279 2070 513 2117 spergere
560 2072 689 2117 quae
735 2063 852 2101 sunt
895 2057 1255 2118 pretiosissima
1297 2056 1479 2099 ceteris
1524 2053 1761 2111 decoctis,

279 2141 516 2204 inpendio
545 2148 830 2205 parcentes,
862 2141 951 2187 sed
984 2158 1081 2186 non
1115 2147 1192 2186 est
1225 2139 1404 2186 eadem
1436 2143 1507 2186 vis
1539 2143 1631 2186 nisi
1663 2158 1762 2187 una

281 2227 516 2274 decoctis.
585 2245 751 2274 murra
772 2235 825 2274 et
842 2245 934 2292 per
953 2244 1006 2273 se
1028 2234 1343 2290 unguentum
1363 2226 1484 2273 facit
1503 2229 1609 2274 sine
1635 2227 1761 2285 eleo,

339 2412 357 2429 ‘²
383 2404 472 2443 The
503 2405 701 2455 meaning
732 2404 781 2442 of
806 2408 965 2443 externa
995 2404 1138 2443 omnia
1168 2404 1203 2442 is
1233 2403 1468 2449 uncertain,
1502 2403 1587 2442 and
1618 2404 1652 2441 is
1684 2409 1761 2444 not

283 2458 523 2550 illaad-gat&
553 2460 608 2509 by
634 2459 806 2509 putting
832 2457 906 2496 the
930 2457 1007 2496 full
1033 2463 1132 2508 stop
1159 2455 1301 2495 before
1327 2461 1488 2497 externa
1514 2456 1617 2496 with
1643 2470 1760 2496 some

289 2590 367 2632 106
