<?xml version="1.0" encoding="UTF-8"?>
<!DOCTYPE html PUBLIC "-//W3C//DTD XHTML 1.0 Transitional//EN"
    "http://www.w3.org/TR/xhtml1/DTD/xhtml1-transitional.dtd">
<html xmlns="http://www.w3.org/1999/xhtml" xml:lang="en" lang="en">
 <head>
  <title>
</title>
<meta http-equiv="Content-Type" content="text/html;charset=utf-8" />
  <meta name='ocr-system' content='tesseract 3.04.00' />
  <meta name='ocr-capabilities' content='ocr_page ocr_carea ocr_par ocr_line ocrx_word'/>
</head>
<body>
  <div class='ocr_page' id='page_1' title='image "./naturalhistory04plinuoft/naturalhistory04plinuoft_0034.png"; bbox 0 0 1909 2998; ppageno 0'>
   <div class='ocr_carea' id='block_1_1' title="bbox 190 516 241 553">
    <p class='ocr_par' dir='ltr' id='par_1_1' title="bbox 190 516 241 553">
     <span class='ocr_line' id='line_1_1' title="bbox 190 516 241 553; baseline 0 0"><span class='ocrx_word' id='word_1_1' title='bbox 190 516 241 553; x_wconf 88' lang='lat'><strong>30</strong></span> 
     </span>
    </p>
   </div>
   <div class='ocr_carea' id='block_1_2' title="bbox 189 1046 234 1083">
    <p class='ocr_par' dir='ltr' id='par_1_2' title="bbox 189 1046 234 1083">
     <span class='ocr_line' id='line_1_2' title="bbox 189 1046 234 1083; baseline -0.022 0"><span class='ocrx_word' id='word_1_2' title='bbox 189 1046 234 1083; x_wconf 91' lang='grc'><strong>31</strong></span> 
     </span>
    </p>
   </div>
   <div class='ocr_carea' id='block_1_3' title="bbox 189 1510 240 1548">
    <p class='ocr_par' dir='ltr' id='par_1_3' title="bbox 189 1510 240 1548">
     <span class='ocr_line' id='line_1_3' title="bbox 189 1510 240 1548; baseline -0.02 0"><span class='ocrx_word' id='word_1_3' title='bbox 189 1510 240 1548; x_wconf 82' lang='grc'><strong>32</strong></span> 
     </span>
    </p>
   </div>
   <div class='ocr_carea' id='block_1_4' title="bbox 524 182 1502 229">
    <p class='ocr_par' dir='ltr' id='par_1_4' title="bbox 524 182 1502 229">
     <span class='ocr_line' id='line_1_4' title="bbox 524 182 1502 229; baseline 0.002 -3"><span class='ocrx_word' id='word_1_4' title='bbox 524 182 768 228; x_wconf 82' lang='lat' dir='ltr'>PLINY:</span> <span class='ocrx_word' id='word_1_5' title='bbox 831 182 1161 229; x_wconf 90' lang='lat' dir='ltr'><strong>NATURAL</strong></span> <span class='ocrx_word' id='word_1_6' title='bbox 1206 182 1502 229; x_wconf 87' lang='lat' dir='ltr'><strong>HISTORY</strong></span> 
     </span>
    </p>
   </div>
   <div class='ocr_carea' id='block_1_5' title="bbox 272 308 1754 2081">
    <p class='ocr_par' dir='ltr' id='par_1_5' title="bbox 274 308 1748 504">
     <span class='ocr_line' id='line_1_5' title="bbox 274 308 1746 371; baseline 0.002 -18"><span class='ocrx_word' id='word_1_7' title='bbox 274 309 485 370; x_wconf 79' lang='lat' dir='ltr'><strong>ideoque</strong></span> <span class='ocrx_word' id='word_1_8' title='bbox 511 315 564 353; x_wconf 84' lang='lat' dir='ltr'><strong>ct</strong></span> <span class='ocrx_word' id='word_1_9' title='bbox 588 325 821 370; x_wconf 84' lang='lat' dir='ltr'><strong>rugarum</strong></span> <span class='ocrx_word' id='word_1_10' title='bbox 845 308 1119 371; x_wconf 90' lang='lat' dir='ltr'><strong>colorisque</strong></span> <span class='ocrx_word' id='word_1_11' title='bbox 1144 308 1432 355; x_wconf 78' lang='lat' dir='ltr'><strong>similitudo.</strong></span> <span class='ocrx_word' id='word_1_12' title='bbox 1501 309 1746 356; x_wconf 85' lang='lat' dir='ltr'><strong>adultera-</strong></span> 
     </span>
     <span class='ocr_line' id='line_1_6' title="bbox 276 375 1748 440; baseline 0.001 -19"><span class='ocrx_word' id='word_1_13' title='bbox 276 383 355 421; x_wconf 84' lang='lat' dir='ltr'><strong>tur</strong></span> <span class='ocrx_word' id='word_1_14' title='bbox 386 378 597 438; x_wconf 88' lang='lat' dir='ltr'><strong>iuniperi</strong></span> <span class='ocrx_word' id='word_1_15' title='bbox 630 376 764 420; x_wconf 82' lang='lat' dir='ltr'><strong>bacis</strong></span> <span class='ocrx_word' id='word_1_16' title='bbox 795 378 919 420; x_wconf 91' lang='lat' dir='ltr'><strong>mire</strong></span> <span class='ocrx_word' id='word_1_17' title='bbox 951 378 1050 420; x_wconf 91' lang='lat' dir='ltr'><strong>vim</strong></span> <span class='ocrx_word' id='word_1_18' title='bbox 1081 375 1415 430; x_wconf 77' lang='lat' dir='ltr'><strong>trahentibus,</strong></span> <span class='ocrx_word' id='word_1_19' title='bbox 1447 378 1497 421; x_wconf 91' lang='lat' dir='ltr'><strong>in</strong></span> <span class='ocrx_word' id='word_1_20' title='bbox 1526 376 1748 440; x_wconf 87' lang='lat' dir='ltr'><strong>pondere</strong></span> 
     </span>
     <span class='ocr_line' id='line_1_7' title="bbox 274 441 871 504; baseline -0.002 -16"><span class='ocrx_word' id='word_1_21' title='bbox 274 441 477 504; x_wconf 76' lang='lat' dir='ltr'><strong>quidem</strong></span> <span class='ocrx_word' id='word_1_22' title='bbox 502 441 672 487; x_wconf 88' lang='lat' dir='ltr'><strong>multis</strong></span> <span class='ocrx_word' id='word_1_23' title='bbox 696 441 871 487; x_wconf 89' lang='lat' dir='ltr'><strong>modis.</strong></span> 
     </span>
    </p>

    <p class='ocr_par' dir='ltr' id='par_1_6' title="bbox 272 506 1753 1483">
     <span class='ocr_line' id='line_1_8' title="bbox 338 506 1749 570; baseline 0 -17"><span class='ocrx_word' id='word_1_24' title='bbox 338 508 446 554; x_wconf 88' lang='lat' dir='ltr'><strong>XV.</strong></span> <span class='ocrx_word' id='word_1_25' title='bbox 486 507 577 553; x_wconf 88' lang='lat' dir='ltr'><strong>Est</strong></span> <span class='ocrx_word' id='word_1_26' title='bbox 609 510 886 553; x_wconf 83' lang='lat' dir='ltr'><strong>etiamnum</strong></span> <span class='ocrx_word' id='word_1_27' title='bbox 919 509 969 552; x_wconf 91' lang='lat' dir='ltr'><strong>in</strong></span> <span class='ocrx_word' id='word_1_28' title='bbox 1004 506 1148 552; x_wconf 87' lang='lat' dir='ltr'><strong>India</strong></span> <span class='ocrx_word' id='word_1_29' title='bbox 1172 510 1358 570; x_wconf 81' lang='lat' dir='ltr'><strong>piperis</strong></span> <span class='ocrx_word' id='word_1_30' title='bbox 1385 510 1526 570; x_wconf 89' lang='lat' dir='ltr'><strong>grani</strong></span> <span class='ocrx_word' id='word_1_31' title='bbox 1545 509 1564 538; x_wconf 78' lang='lat'>1</span> <span class='ocrx_word' id='word_1_32' title='bbox 1591 507 1749 554; x_wconf 91' lang='lat' dir='ltr'><strong>simile</strong></span> 
     </span>
     <span class='ocr_line' id='line_1_9' title="bbox 274 573 1748 637; baseline 0.001 -18"><span class='ocrx_word' id='word_1_33' title='bbox 274 574 406 635; x_wconf 86' lang='lat' dir='ltr'><strong>quod</strong></span> <span class='ocrx_word' id='word_1_34' title='bbox 455 581 659 619; x_wconf 86' lang='lat' dir='ltr'><strong>vocatur</strong></span> <span class='ocrx_word' id='word_1_35' title='bbox 703 573 1076 637; x_wconf 88' lang='lat' dir='ltr'><strong>caryophyllon,</strong></span> <span class='ocrx_word' id='word_1_36' title='bbox 1115 574 1352 636; x_wconf 86' lang='lat' dir='ltr'><strong>grandius</strong></span> <span class='ocrx_word' id='word_1_37' title='bbox 1398 573 1748 637; x_wconf 80' lang='lat' dir='ltr'><strong>fragiliusque3</strong></span> 
     </span>
     <span class='ocr_line' id='line_1_10' title="bbox 274 639 1750 703; baseline 0 -17"><span class='ocrx_word' id='word_1_38' title='bbox 274 640 481 686; x_wconf 82' lang='lat' dir='ltr'><strong>tradunt.</strong></span> <span class='ocrx_word' id='word_1_39' title='bbox 523 643 573 685; x_wconf 92' lang='lat' dir='ltr'><strong>in</strong></span> <span class='ocrx_word' id='word_1_40' title='bbox 617 640 790 686; x_wconf 88' lang='lat' dir='ltr'><strong>Indica</strong></span> <span class='ocrx_word' id='word_1_41' title='bbox 830 640 934 686; x_wconf 93' lang='lat' dir='ltr'><strong>loto</strong></span> <span class='ocrx_word' id='word_1_42' title='bbox 974 639 1026 685; x_wconf 90' lang='lat' dir='ltr'><strong>id</strong></span> <span class='ocrx_word' id='word_1_43' title='bbox 1066 643 1234 703; x_wconf 85' lang='lat' dir='ltr'><strong>gigni3</strong></span> <span class='ocrx_word' id='word_1_44' title='bbox 1289 639 1553 686; x_wconf 74' lang='lat' dir='ltr'><strong>advehitur</strong></span> <span class='ocrx_word' id='word_1_45' title='bbox 1587 641 1750 686; x_wconf 88' lang='lat' dir='ltr'><strong>odoris</strong></span> 
     </span>
     <span class='ocr_line' id='line_1_11' title="bbox 272 705 1751 771; baseline 0.001 -20"><span class='ocrx_word' id='word_1_46' title='bbox 272 709 450 769; x_wconf 84' lang='lat' dir='ltr'><strong>gratia.</strong></span> <span class='ocrx_word' id='word_1_47' title='bbox 495 705 594 752; x_wconf 89' lang='lat' dir='ltr'><strong>fert</strong></span> <span class='ocrx_word' id='word_1_48' title='bbox 615 714 667 753; x_wconf 89' lang='lat' dir='ltr'><strong>et</strong></span> <span class='ocrx_word' id='word_1_49' title='bbox 686 709 828 769; x_wconf 86' lang='lat' dir='ltr'><strong>spina</strong></span> <span class='ocrx_word' id='word_1_50' title='bbox 842 707 862 736; x_wconf 84' lang='lat'><strong>²</strong></span> <span class='ocrx_word' id='word_1_51' title='bbox 881 709 1066 769; x_wconf 82' lang='lat' dir='ltr'><strong>piperis</strong></span> <span class='ocrx_word' id='word_1_52' title='bbox 1085 706 1463 753; x_wconf 88' lang='lat' dir='ltr'><strong>similitudinem</strong></span> <span class='ocrx_word' id='word_1_53' title='bbox 1482 711 1751 771; x_wconf 87' lang='lat' dir='ltr'><strong>praecipua</strong></span> 
     </span>
     <span class='ocr_line' id='line_1_12' title="bbox 273 772 1750 836; baseline 0.001 -18"><span class='ocrx_word' id='word_1_54' title='bbox 273 772 626 828; x_wconf 81' lang='lat' dir='ltr'><strong>amaritudine,</strong></span> <span class='ocrx_word' id='word_1_55' title='bbox 673 772 801 818; x_wconf 85' lang='lat' dir='ltr'><strong>foliis</strong></span> <span class='ocrx_word' id='word_1_56' title='bbox 853 775 1016 835; x_wconf 86' lang='lat' dir='ltr'><strong>parvis</strong></span> <span class='ocrx_word' id='word_1_57' title='bbox 1074 772 1342 835; x_wconf 89' lang='lat' dir='ltr'><strong>densisque</strong></span> <span class='ocrx_word' id='word_1_58' title='bbox 1394 777 1531 836; x_wconf 90' lang='lat' dir='ltr'><strong>cypri</strong></span> <span class='ocrx_word' id='word_1_59' title='bbox 1584 774 1750 829; x_wconf 91' lang='lat' dir='ltr'><strong>modo,</strong></span> 
     </span>
     <span class='ocr_line' id='line_1_13' title="bbox 273 839 1752 902; baseline 0.001 -18"><span class='ocrx_word' id='word_1_60' title='bbox 273 842 421 885; x_wconf 88' lang='lat' dir='ltr'><strong>ramis</strong></span> <span class='ocrx_word' id='word_1_61' title='bbox 463 842 614 885; x_wconf 89' lang='lat' dir='ltr'><strong>trium</strong></span> <span class='ocrx_word' id='word_1_62' title='bbox 655 840 955 894; x_wconf 87' lang='lat' dir='ltr'><strong>cubitorum,</strong></span> <span class='ocrx_word' id='word_1_63' title='bbox 987 842 1173 885; x_wconf 88' lang='lat' dir='ltr'><strong>cortice</strong></span> <span class='ocrx_word' id='word_1_64' title='bbox 1210 839 1414 902; x_wconf 89' lang='lat' dir='ltr'><strong>pallido,</strong></span> <span class='ocrx_word' id='word_1_65' title='bbox 1447 840 1614 886; x_wconf 85' lang='lat' dir='ltr'><strong>radice</strong></span> <span class='ocrx_word' id='word_1_66' title='bbox 1648 839 1752 886; x_wconf 90' lang='lat' dir='ltr'><strong>lata</strong></span> 
     </span>
     <span class='ocr_line' id='line_1_14' title="bbox 274 905 1750 968; baseline 0.001 -18"><span class='ocrx_word' id='word_1_67' title='bbox 274 905 565 968; x_wconf 88' lang='lat' dir='ltr'><strong>lignosaque</strong></span> <span class='ocrx_word' id='word_1_68' title='bbox 602 906 753 951; x_wconf 89' lang='lat' dir='ltr'><strong>buxei</strong></span> <span class='ocrx_word' id='word_1_69' title='bbox 789 905 979 951; x_wconf 90' lang='lat' dir='ltr'><strong>coloris.</strong></span> <span class='ocrx_word' id='word_1_70' title='bbox 1047 905 1140 951; x_wconf 89' lang='lat' dir='ltr'><strong>hac</strong></span> <span class='ocrx_word' id='word_1_71' title='bbox 1169 908 1219 950; x_wconf 93' lang='lat' dir='ltr'><strong>in</strong></span> <span class='ocrx_word' id='word_1_72' title='bbox 1249 922 1380 968; x_wconf 88' lang='lat' dir='ltr'><strong>aqua</strong></span> <span class='ocrx_word' id='word_1_73' title='bbox 1409 923 1522 952; x_wconf 90' lang='lat' dir='ltr'><strong>cum</strong></span> <span class='ocrx_word' id='word_1_74' title='bbox 1557 909 1750 952; x_wconf 87' lang='lat' dir='ltr'><strong>semine</strong></span> 
     </span>
     <span class='ocr_line' id='line_1_15' title="bbox 273 971 1753 1034; baseline 0 -16"><span class='ocrx_word' id='word_1_75' title='bbox 273 979 481 1018; x_wconf 86' lang='lat' dir='ltr'><strong>excocta</strong></span> <span class='ocrx_word' id='word_1_76' title='bbox 500 975 549 1017; x_wconf 91' lang='lat' dir='ltr'><strong>in</strong></span> <span class='ocrx_word' id='word_1_77' title='bbox 570 988 718 1018; x_wconf 88' lang='lat' dir='ltr'><strong>aereo</strong></span> <span class='ocrx_word' id='word_1_78' title='bbox 738 989 853 1018; x_wconf 87' lang='lat' dir='ltr'><strong>vase</strong></span> <span class='ocrx_word' id='word_1_79' title='bbox 873 971 1300 1018; x_wconf 87' lang='lat' dir='ltr'><strong>medicamentum</strong></span> <span class='ocrx_word' id='word_1_80' title='bbox 1320 972 1376 1018; x_wconf 78' lang='lat' dir='ltr'><strong>fit</strong></span> <span class='ocrx_word' id='word_1_81' title='bbox 1395 972 1528 1034; x_wconf 87' lang='lat' dir='ltr'><strong>quod</strong></span> <span class='ocrx_word' id='word_1_82' title='bbox 1547 980 1753 1019; x_wconf 80' lang='lat' dir='ltr'><strong>vocatur</strong></span> 
     </span>
     <span class='ocr_line' id='line_1_16' title="bbox 275 1037 1752 1101; baseline 0.001 -18"><span class='ocrx_word' id='word_1_83' title='bbox 275 1038 451 1101; x_wconf 87' lang='lat' dir='ltr'><strong>lycion.</strong></span> <span class='ocrx_word' id='word_1_84' title='bbox 522 1055 580 1083; x_wconf 88' lang='lat' dir='ltr'><strong>ea</strong></span> <span class='ocrx_word' id='word_1_85' title='bbox 598 1041 741 1101; x_wconf 89' lang='lat' dir='ltr'><strong>spina</strong></span> <span class='ocrx_word' id='word_1_86' title='bbox 758 1046 810 1084; x_wconf 88' lang='lat' dir='ltr'><strong>et</strong></span> <span class='ocrx_word' id='word_1_87' title='bbox 827 1041 878 1083; x_wconf 92' lang='lat' dir='ltr'><strong>in</strong></span> <span class='ocrx_word' id='word_1_88' title='bbox 896 1037 1034 1084; x_wconf 93' lang='lat' dir='ltr'><strong>Pelio</strong></span> <span class='ocrx_word' id='word_1_89' title='bbox 1050 1045 1222 1084; x_wconf 90' lang='lat' dir='ltr'><strong>monte</strong></span> <span class='ocrx_word' id='word_1_90' title='bbox 1241 1041 1461 1084; x_wconf 88' lang='lat' dir='ltr'><strong>nascitur</strong></span> <span class='ocrx_word' id='word_1_91' title='bbox 1479 1039 1752 1085; x_wconf 85' lang='lat' dir='ltr'><strong>adulterat-</strong></span> 
     </span>
     <span class='ocr_line' id='line_1_17' title="bbox 274 1104 1752 1168; baseline 0.001 -18"><span class='ocrx_word' id='word_1_92' title='bbox 274 1122 371 1167; x_wconf 88' lang='lat' dir='ltr'><strong>que</strong></span> <span class='ocrx_word' id='word_1_93' title='bbox 415 1104 859 1159; x_wconf 84' lang='lat' dir='ltr'><strong>medicamentum,</strong></span> <span class='ocrx_word' id='word_1_94' title='bbox 901 1107 1026 1151; x_wconf 91' lang='lat' dir='ltr'><strong>item</strong></span> <span class='ocrx_word' id='word_1_95' title='bbox 1069 1104 1327 1168; x_wconf 85' lang='lat' dir='ltr'><strong>asphodeli</strong></span> <span class='ocrx_word' id='word_1_96' title='bbox 1370 1105 1509 1150; x_wconf 81' lang='lat' dir='ltr'><strong>radix</strong></span> <span class='ocrx_word' id='word_1_97' title='bbox 1555 1113 1643 1151; x_wconf 87' lang='lat' dir='ltr'><strong>aut</strong></span> <span class='ocrx_word' id='word_1_98' title='bbox 1685 1105 1752 1152; x_wconf 87' lang='lat' dir='ltr'><strong>fel</strong></span> 
     </span>
     <span class='ocr_line' id='line_1_18' title="bbox 274 1170 1749 1226; baseline 0.001 -10"><span class='ocrx_word' id='word_1_99' title='bbox 274 1170 515 1216; x_wconf 88' lang='lat' dir='ltr'><strong>bubulum</strong></span> <span class='ocrx_word' id='word_1_100' title='bbox 573 1178 660 1217; x_wconf 89' lang='lat' dir='ltr'><strong>aut</strong></span> <span class='ocrx_word' id='word_1_101' title='bbox 716 1170 1040 1226; x_wconf 81' lang='lat' dir='ltr'><strong>absinthium,</strong></span> <span class='ocrx_word' id='word_1_102' title='bbox 1094 1171 1173 1217; x_wconf 89' lang='lat' dir='ltr'><strong>vel</strong></span> <span class='ocrx_word' id='word_1_103' title='bbox 1228 1170 1344 1217; x_wconf 91' lang='lat' dir='ltr'><strong>rhus</strong></span> <span class='ocrx_word' id='word_1_104' title='bbox 1400 1171 1479 1218; x_wconf 91' lang='lat' dir='ltr'><strong>vel</strong></span> <span class='ocrx_word' id='word_1_105' title='bbox 1534 1189 1749 1218; x_wconf 84' lang='lat' dir='ltr'><strong>amurca.</strong></span> 
     </span>
     <span class='ocr_line' id='line_1_19' title="bbox 274 1237 1752 1301; baseline 0.001 -19"><span class='ocrx_word' id='word_1_106' title='bbox 274 1240 586 1300; x_wconf 86' lang='lat' dir='ltr'><strong>aptissimum</strong></span> <span class='ocrx_word' id='word_1_107' title='bbox 623 1237 902 1283; x_wconf 86' lang='lat' dir='ltr'><strong>medicinae</strong></span> <span class='ocrx_word' id='word_1_108' title='bbox 940 1237 1073 1300; x_wconf 89' lang='lat' dir='ltr'><strong>quod</strong></span> <span class='ocrx_word' id='word_1_109' title='bbox 1101 1244 1178 1284; x_wconf 91' lang='lat' dir='ltr'><strong>est</strong></span> <span class='ocrx_word' id='word_1_110' title='bbox 1204 1253 1519 1301; x_wconf 84' lang='lat' dir='ltr'><strong>spumosum3</strong></span> <span class='ocrx_word' id='word_1_111' title='bbox 1567 1238 1677 1284; x_wconf 89' lang='lat' dir='ltr'><strong>Indi</strong></span> <span class='ocrx_word' id='word_1_112' title='bbox 1702 1242 1752 1284; x_wconf 90' lang='lat' dir='ltr'><strong>in</strong></span> 
     </span>
     <span class='ocr_line' id='line_1_20' title="bbox 275 1303 1750 1351; baseline 0.001 -2"><span class='ocrx_word' id='word_1_113' title='bbox 275 1303 468 1350; x_wconf 86' lang='lat' dir='ltr'><strong>utribus</strong></span> <span class='ocrx_word' id='word_1_114' title='bbox 517 1303 821 1350; x_wconf 89' lang='lat' dir='ltr'><strong>camelorum</strong></span> <span class='ocrx_word' id='word_1_115' title='bbox 870 1311 959 1350; x_wconf 89' lang='lat' dir='ltr'><strong>aut</strong></span> <span class='ocrx_word' id='word_1_116' title='bbox 1006 1303 1377 1350; x_wconf 86' lang='lat' dir='ltr'><strong>rhinocerotum</strong></span> <span class='ocrx_word' id='word_1_117' title='bbox 1425 1305 1477 1350; x_wconf 92' lang='lat' dir='ltr'><strong>id</strong></span> <span class='ocrx_word' id='word_1_118' title='bbox 1524 1308 1750 1351; x_wconf 79' lang='lat' dir='ltr'><strong>mittunt.</strong></span> 
     </span>
     <span class='ocr_line' id='line_1_21' title="bbox 274 1371 1752 1435; baseline 0.001 -19"><span class='ocrx_word' id='word_1_119' title='bbox 274 1373 467 1433; x_wconf 85' lang='lat' dir='ltr'><strong>spinam</strong></span> <span class='ocrx_word' id='word_1_120' title='bbox 525 1373 683 1433; x_wconf 87' lang='lat' dir='ltr'><strong>ipsam</strong></span> <span class='ocrx_word' id='word_1_121' title='bbox 742 1374 790 1416; x_wconf 88' lang='lat' dir='ltr'><strong>in</strong></span> <span class='ocrx_word' id='word_1_122' title='bbox 849 1371 1061 1417; x_wconf 86' lang='lat' dir='ltr'><strong>Graecia</strong></span> <span class='ocrx_word' id='word_1_123' title='bbox 1117 1371 1321 1433; x_wconf 89' lang='lat' dir='ltr'><strong>quidam</strong></span> <span class='ocrx_word' id='word_1_124' title='bbox 1376 1371 1752 1435; x_wconf 85' lang='lat' dir='ltr'><strong>pyxacanthum</strong></span> 
     </span>
     <span class='ocr_line' id='line_1_22' title="bbox 275 1436 782 1483; baseline 0 -1"><span class='ocrx_word' id='word_1_125' title='bbox 275 1436 563 1482; x_wconf 87' lang='lat' dir='ltr'><strong>Chironium</strong></span> <span class='ocrx_word' id='word_1_126' title='bbox 587 1444 782 1483; x_wconf 89' lang='lat' dir='ltr'><strong>vocant.</strong></span> 
     </span>
    </p>

    <p class='ocr_par' dir='ltr' id='par_1_7' title="bbox 273 1502 1754 1766">
     <span class='ocr_line' id='line_1_23' title="bbox 340 1502 1752 1558; baseline 0.001 -10"><span class='ocrx_word' id='word_1_127' title='bbox 340 1503 475 1549; x_wconf 91' lang='lat' dir='ltr'>XVI.</span> <span class='ocrx_word' id='word_1_128' title='bbox 513 1503 580 1548; x_wconf 87' lang='lat' dir='ltr'><strong>Et</strong></span> <span class='ocrx_word' id='word_1_129' title='bbox 615 1507 770 1549; x_wconf 89' lang='lat' dir='ltr'><strong>macir</strong></span> <span class='ocrx_word' id='word_1_130' title='bbox 797 1520 859 1549; x_wconf 86' lang='lat' dir='ltr'><strong>ex</strong></span> <span class='ocrx_word' id='word_1_131' title='bbox 890 1502 1036 1549; x_wconf 88' lang='lat' dir='ltr'><strong>India</strong></span> <span class='ocrx_word' id='word_1_132' title='bbox 1063 1502 1342 1558; x_wconf 89' lang='lat' dir='ltr'><strong>advehitur,</strong></span> <span class='ocrx_word' id='word_1_133' title='bbox 1369 1511 1542 1550; x_wconf 87' lang='lat' dir='ltr'><strong>cortex</strong></span> <span class='ocrx_word' id='word_1_134' title='bbox 1570 1505 1752 1551; x_wconf 87' lang='lat' dir='ltr'><strong>rubens</strong></span> 
     </span>
     <span class='ocr_line' id='line_1_24' title="bbox 273 1569 1754 1632; baseline 0.002 -18"><span class='ocrx_word' id='word_1_135' title='bbox 273 1569 451 1615; x_wconf 89' lang='lat' dir='ltr'><strong>radicis</strong></span> <span class='ocrx_word' id='word_1_136' title='bbox 484 1586 717 1632; x_wconf 88' lang='lat' dir='ltr'><strong>magnae,</strong></span> <span class='ocrx_word' id='word_1_137' title='bbox 751 1573 951 1616; x_wconf 91' lang='lat' dir='ltr'><strong>nomine</strong></span> <span class='ocrx_word' id='word_1_138' title='bbox 986 1571 1172 1616; x_wconf 87' lang='lat' dir='ltr'><strong>arboris</strong></span> <span class='ocrx_word' id='word_1_139' title='bbox 1205 1585 1353 1624; x_wconf 82' lang='lat' dir='ltr'><strong>suae3</strong></span> <span class='ocrx_word' id='word_1_140' title='bbox 1405 1570 1562 1632; x_wconf 90' lang='lat' dir='ltr'><strong>qualis</strong></span> <span class='ocrx_word' id='word_1_141' title='bbox 1595 1574 1660 1617; x_wconf 79' lang='lat' dir='ltr'><strong>sit</strong></span> <span class='ocrx_word' id='word_1_142' title='bbox 1693 1588 1754 1617; x_wconf 91' lang='lat' dir='ltr'><strong>ea</strong></span> 
     </span>
     <span class='ocr_line' id='line_1_25' title="bbox 273 1635 1753 1699; baseline 0.002 -19"><span class='ocrx_word' id='word_1_143' title='bbox 273 1638 620 1699; x_wconf 88' lang='lat' dir='ltr'><strong>inconpertum</strong></span> <span class='ocrx_word' id='word_1_144' title='bbox 658 1635 834 1682; x_wconf 90' lang='lat' dir='ltr'><strong>habeo.</strong></span> <span class='ocrx_word' id='word_1_145' title='bbox 902 1639 1099 1682; x_wconf 87' lang='lat' dir='ltr'><strong>corticis</strong></span> <span class='ocrx_word' id='word_1_146' title='bbox 1135 1636 1282 1683; x_wconf 91' lang='lat' dir='ltr'><strong>melle</strong></span> <span class='ocrx_word' id='word_1_147' title='bbox 1319 1637 1668 1698; x_wconf 26' lang='lat' dir='ltr'><strong>decocti‘susus</strong></span> <span class='ocrx_word' id='word_1_148' title='bbox 1702 1640 1753 1683; x_wconf 89' lang='lat' dir='ltr'><strong>in</strong></span> 
     </span>
     <span class='ocr_line' id='line_1_26' title="bbox 275 1702 1539 1766; baseline 0.002 -19"><span class='ocrx_word' id='word_1_149' title='bbox 275 1702 522 1748; x_wconf 87' lang='lat' dir='ltr'><strong>medicina</strong></span> <span class='ocrx_word' id='word_1_150' title='bbox 547 1702 610 1748; x_wconf 93' lang='lat' dir='ltr'><strong>ad</strong></span> <span class='ocrx_word' id='word_1_151' title='bbox 635 1702 964 1765; x_wconf 87' lang='lat' dir='ltr'><strong>dysintericos</strong></span> <span class='ocrx_word' id='word_1_152' title='bbox 988 1706 1285 1766; x_wconf 90' lang='lat' dir='ltr'><strong>praecipuus</strong></span> <span class='ocrx_word' id='word_1_153' title='bbox 1309 1702 1539 1750; x_wconf 86' lang='lat' dir='ltr'><strong>habetur.</strong></span> 
     </span>
    </p>

    <p class='ocr_par' dir='ltr' id='par_1_8' title="bbox 275 1768 1753 2081">
     <span class='ocr_line' id='line_1_27' title="bbox 337 1768 1752 1824; baseline 0.001 -10"><span class='ocrx_word' id='word_1_154' title='bbox 337 1769 499 1815; x_wconf 91' lang='lat' dir='ltr'>XVII.</span> <span class='ocrx_word' id='word_1_155' title='bbox 540 1768 819 1815; x_wconf 90' lang='lat' dir='ltr'><strong>Saccharon</strong></span> <span class='ocrx_word' id='word_1_156' title='bbox 873 1776 927 1815; x_wconf 93' lang='lat' dir='ltr'><strong>et</strong></span> <span class='ocrx_word' id='word_1_157' title='bbox 973 1770 1161 1815; x_wconf 87' lang='lat' dir='ltr'><strong>Arabia</strong></span> <span class='ocrx_word' id='word_1_158' title='bbox 1208 1769 1325 1824; x_wconf 86' lang='lat' dir='ltr'><strong>fert,</strong></span> <span class='ocrx_word' id='word_1_159' title='bbox 1369 1770 1459 1816; x_wconf 90' lang='lat' dir='ltr'><strong>sed</strong></span> <span class='ocrx_word' id='word_1_160' title='bbox 1502 1769 1752 1816; x_wconf 87' lang='lat' dir='ltr'><strong>laudatius</strong></span> 
     </span>
     <span class='ocr_line' id='line_1_28' title="bbox 279 1834 1752 1891; baseline 0.002 -12"><span class='ocrx_word' id='word_1_161' title='bbox 279 1834 435 1880; x_wconf 86' lang='lat' dir='ltr'><strong>India.</strong></span> <span class='ocrx_word' id='word_1_162' title='bbox 506 1843 583 1882; x_wconf 92' lang='lat' dir='ltr'><strong>est</strong></span> <span class='ocrx_word' id='word_1_163' title='bbox 624 1843 795 1882; x_wconf 86' lang='lat' dir='ltr'><strong>autem</strong></span> <span class='ocrx_word' id='word_1_164' title='bbox 838 1835 938 1882; x_wconf 92' lang='lat' dir='ltr'><strong>mel</strong></span> <span class='ocrx_word' id='word_1_165' title='bbox 978 1839 1029 1881; x_wconf 90' lang='lat' dir='ltr'><strong>in</strong></span> <span class='ocrx_word' id='word_1_166' title='bbox 1070 1835 1428 1882; x_wconf 85' lang='lat' dir='ltr'><strong>harundinibus</strong></span> <span class='ocrx_word' id='word_1_167' title='bbox 1470 1837 1752 1891; x_wconf 86' lang='lat' dir='ltr'><strong>collectum,</strong></span> 
     </span>
     <span class='ocr_line' id='line_1_29' title="bbox 275 1902 1753 1966; baseline 0.001 -20"><span class='ocrx_word' id='word_1_168' title='bbox 275 1904 545 1947; x_wconf 83' lang='lat' dir='ltr'><strong>cummium</strong></span> <span class='ocrx_word' id='word_1_169' title='bbox 579 1902 728 1948; x_wconf 91' lang='lat' dir='ltr'><strong>modo</strong></span> <span class='ocrx_word' id='word_1_170' title='bbox 755 1902 1042 1957; x_wconf 90' lang='lat' dir='ltr'><strong>candidum,</strong></span> <span class='ocrx_word' id='word_1_171' title='bbox 1067 1902 1303 1949; x_wconf 88' lang='lat' dir='ltr'><strong>dentibus</strong></span> <span class='ocrx_word' id='word_1_172' title='bbox 1337 1902 1531 1966; x_wconf 86' lang='lat' dir='ltr'><strong>fragile,</strong></span> <span class='ocrx_word' id='word_1_173' title='bbox 1557 1903 1753 1966; x_wconf 87' lang='lat' dir='ltr'><strong>amplis-</strong></span> 
     </span>
     <span class='ocr_line' id='line_1_30' title="bbox 275 1969 1751 2032; baseline 0.001 -19"><span class='ocrx_word' id='word_1_174' title='bbox 275 1971 453 2014; x_wconf 81' lang='lat' dir='ltr'><strong>simum</strong></span> <span class='ocrx_word' id='word_1_175' title='bbox 492 1972 628 2015; x_wconf 91' lang='lat' dir='ltr'><strong>nucis</strong></span> <span class='ocrx_word' id='word_1_176' title='bbox 672 1969 931 2015; x_wconf 88' lang='lat' dir='ltr'><strong>abellanae</strong></span> <span class='ocrx_word' id='word_1_177' title='bbox 968 1970 1334 2032; x_wconf 84' lang='lat' dir='ltr'><strong>magnitudine,</strong></span> <span class='ocrx_word' id='word_1_178' title='bbox 1372 1969 1434 2015; x_wconf 89' lang='lat' dir='ltr'><strong>ad</strong></span> <span class='ocrx_word' id='word_1_179' title='bbox 1471 1970 1751 2016; x_wconf 86' lang='lat' dir='ltr'><strong>medicinae</strong></span> 
     </span>
     <span class='ocr_line' id='line_1_31' title="bbox 276 2041 659 2081; baseline 0.003 -2"><span class='ocrx_word' id='word_1_180' title='bbox 276 2041 473 2080; x_wconf 77' lang='lat' dir='ltr'><strong>tantum</strong></span> <span class='ocrx_word' id='word_1_181' title='bbox 503 2052 659 2081; x_wconf 85' lang='lat' dir='ltr'><strong>usum.</strong></span> 
     </span>
    </p>
   </div>
   <div class='ocr_carea' id='block_1_6' title="bbox 513 2132 1531 2183">
    <p class='ocr_par' dir='ltr' id='par_1_9' title="bbox 513 2132 1531 2183">
     <span class='ocr_line' id='line_1_32' title="bbox 513 2132 1531 2183; baseline 0.002 -13"><span class='ocrx_word' id='word_1_182' title='bbox 513 2133 526 2156; x_wconf 89' lang='lat'>¹</span> <span class='ocrx_word' id='word_1_183' title='bbox 565 2132 640 2170; x_wconf 81' lang='lat' dir='ltr'><strong>V.l.</strong></span> <span class='ocrx_word' id='word_1_184' title='bbox 661 2134 816 2183; x_wconf 81' lang='lat' dir='ltr'><strong>granis.</strong></span> <span class='ocrx_word' id='word_1_185' title='bbox 1171 2133 1186 2156; x_wconf 80' lang='lat'><strong>²</strong></span> <span class='ocrx_word' id='word_1_186' title='bbox 1225 2133 1299 2172; x_wconf 69' lang='lat' dir='ltr'><strong>VJ.</strong></span> <span class='ocrx_word' id='word_1_187' title='bbox 1322 2133 1364 2172; x_wconf 92' lang='lat' dir='ltr'><strong>in</strong></span> <span class='ocrx_word' id='word_1_188' title='bbox 1386 2134 1531 2183; x_wconf 84' lang='lat' dir='ltr'><strong>spinis.</strong></span> 
     </span>
    </p>
   </div>
   <div class='ocr_carea' id='block_1_7' title="bbox 403 2212 695 2216">
    <p class='ocr_par' dir='ltr' id='par_1_10' title="bbox 403 2212 695 2216">
     <span class='ocr_line' id='line_1_33' title="bbox 403 2212 695 2216; baseline 0 0"><span class='ocrx_word' id='word_1_189' title='bbox 403 2212 695 2216; x_wconf 95' lang='lat' dir='ltr'><strong> </strong></span> 
     </span>
    </p>
   </div>
   <div class='ocr_carea' id='block_1_8' title="bbox 697 2212 864 2217">
    <p class='ocr_par' dir='ltr' id='par_1_11' title="bbox 697 2212 864 2217">
     <span class='ocr_line' id='line_1_34' title="bbox 697 2212 864 2217; baseline 0 0"><span class='ocrx_word' id='word_1_190' title='bbox 697 2212 864 2217; x_wconf 95' lang='lat' dir='ltr'><strong> </strong></span> 
     </span>
    </p>
   </div>
   <div class='ocr_carea' id='block_1_9' title="bbox 937 2214 1107 2218">
    <p class='ocr_par' dir='ltr' id='par_1_12' title="bbox 937 2214 1107 2218">
     <span class='ocr_line' id='line_1_35' title="bbox 937 2214 1107 2218; baseline 0 0"><span class='ocrx_word' id='word_1_191' title='bbox 937 2214 1107 2218; x_wconf 95' lang='lat' dir='ltr'><strong> </strong></span> 
     </span>
    </p>
   </div>
   <div class='ocr_carea' id='block_1_10' title="bbox 275 2255 1756 2573">
    <p class='ocr_par' dir='ltr' id='par_1_13' title="bbox 329 2255 1463 2307">
     <span class='ocr_line' id='line_1_36' title="bbox 329 2255 1463 2307; baseline -0.001 -11"><span class='ocrx_word' id='word_1_192' title='bbox 329 2265 345 2281; x_wconf 83' lang='lat'><strong>‘³</strong></span> <span class='ocrx_word' id='word_1_193' title='bbox 375 2259 463 2296; x_wconf 86' lang='lat' dir='ltr'><strong>The</strong></span> <span class='ocrx_word' id='word_1_194' title='bbox 485 2258 672 2306; x_wconf 71' lang='lat' dir='ltr'><strong>quenia</strong></span> <span class='ocrx_word' id='word_1_195' title='bbox 695 2255 999 2306; x_wconf 70' lang='lat' dir='ltr'><strong>caryophyllata</strong></span> <span class='ocrx_word' id='word_1_196' title='bbox 1022 2256 1068 2294; x_wconf 82' lang='lat' dir='ltr'><strong>of</strong></span> <span class='ocrx_word' id='word_1_197' title='bbox 1086 2255 1261 2294; x_wconf 87' lang='lat' dir='ltr'><strong>modern</strong></span> <span class='ocrx_word' id='word_1_198' title='bbox 1288 2255 1463 2307; x_wconf 81' lang='lat' dir='ltr'><strong>botany.</strong></span> 
     </span>
    </p>

    <p class='ocr_par' dir='ltr' id='par_1_14' title="bbox 336 2311 915 2349">
     <span class='ocr_line' id='line_1_37' title="bbox 336 2311 915 2349; baseline -0.002 0"><span class='ocrx_word' id='word_1_199' title='bbox 336 2311 350 2335; x_wconf 59' lang='grc' dir='ltr'>ὓ</span> <span class='ocrx_word' id='word_1_200' title='bbox 382 2311 471 2349; x_wconf 85' lang='lat' dir='ltr'><strong>The</strong></span> <span class='ocrx_word' id='word_1_201' title='bbox 493 2311 712 2349; x_wconf 72' lang='lat' dir='ltr'><strong>Lawsonia</strong></span> <span class='ocrx_word' id='word_1_202' title='bbox 733 2311 915 2348; x_wconf 71' lang='lat' dir='ltr'><strong>inermis.</strong></span> 
     </span>
    </p>

    <p class='ocr_par' dir='ltr' id='par_1_15' title="bbox 275 2362 1756 2573">
     <span class='ocr_line' id='line_1_38' title="bbox 332 2362 1756 2424; baseline -0.001 -21"><span class='ocrx_word' id='word_1_203' title='bbox 332 2371 345 2388; x_wconf 73' lang='lat'><em>⁶</em></span> <span class='ocrx_word' id='word_1_204' title='bbox 376 2365 449 2403; x_wconf 77' lang='grc' dir='ltr'><em>Ι.ε.</em></span> <span class='ocrx_word' id='word_1_205' title='bbox 480 2364 552 2403; x_wconf 86' lang='lat' dir='ltr'><strong>the</strong></span> <span class='ocrx_word' id='word_1_206' title='bbox 580 2365 689 2424; x_wconf 78' lang='lat' dir='ltr'><strong>juice</strong></span> <span class='ocrx_word' id='word_1_207' title='bbox 718 2363 825 2401; x_wconf 85' lang='lat' dir='ltr'><strong>from</strong></span> <span class='ocrx_word' id='word_1_208' title='bbox 857 2363 927 2401; x_wconf 82' lang='lat' dir='ltr'><strong>the</strong></span> <span class='ocrx_word' id='word_1_209' title='bbox 956 2367 1063 2408; x_wconf 78' lang='lat' dir='ltr'><strong>root,</strong></span> <span class='ocrx_word' id='word_1_210' title='bbox 1093 2367 1201 2401; x_wconf 78' lang='lat' dir='ltr'><strong>stem</strong></span> <span class='ocrx_word' id='word_1_211' title='bbox 1231 2362 1316 2401; x_wconf 83' lang='lat' dir='ltr'><strong>and</strong></span> <span class='ocrx_word' id='word_1_212' title='bbox 1344 2362 1498 2402; x_wconf 78' lang='lat' dir='ltr'><strong>bem-ies</strong></span> <span class='ocrx_word' id='word_1_213' title='bbox 1526 2363 1573 2402; x_wconf 89' lang='lat' dir='ltr'><strong>of</strong></span> <span class='ocrx_word' id='word_1_214' title='bbox 1596 2364 1756 2403; x_wconf 83' lang='lat' dir='ltr'><strong>several</strong></span> 
     </span>
     <span class='ocr_line' id='line_1_39' title="bbox 278 2416 1753 2522; baseline 0 -13"><span class='ocrx_word' id='word_1_215' title='bbox 278 2416 933 2522; x_wconf 37' lang='lat' dir='ltr'><strong>Spgcigssozzlljlssslnssgffikhlgiyiy</strong></span> <span class='ocrx_word' id='word_1_216' title='bbox 987 2469 1121 2515; x_wconf 86' lang='lat' dir='ltr'><strong>bark,’</strong></span> <span class='ocrx_word' id='word_1_217' title='bbox 1176 2469 1283 2508; x_wconf 85' lang='lat' dir='ltr'><strong>from</strong></span> <span class='ocrx_word' id='word_1_218' title='bbox 1339 2468 1598 2508; x_wconf 31' lang='lat' dir='ltr'><strong>Holarrhfena</strong></span> <span class='ocrx_word' id='word_1_219' title='bbox 1649 2470 1753 2509; x_wconf 71' lang='lat' dir='ltr'><strong>anti-</strong></span> 
     </span>
     <span class='ocr_line' id='line_1_40' title="bbox 275 2525 538 2573; baseline 0 -11"><span class='ocrx_word' id='word_1_220' title='bbox 275 2525 538 2573; x_wconf 70' lang='lat' dir='ltr'><strong>dysenterica.</strong></span> 
     </span>
    </p>
   </div>
   <div class='ocr_carea' id='block_1_11' title="bbox 277 2597 330 2625">
    <p class='ocr_par' dir='ltr' id='par_1_16' title="bbox 277 2597 330 2625">
     <span class='ocr_line' id='line_1_41' title="bbox 277 2597 330 2625; baseline 0 0"><span class='ocrx_word' id='word_1_221' title='bbox 277 2597 330 2625; x_wconf 90' lang='lat'><strong>22</strong></span> 
     </span>
    </p>
   </div>
  </div>
 </body>
</html>
